@article{sokol2021explainability,
  title={Explainability is in the mind of the beholder: Establishing the foundations of explainable artificial intelligence},
  author={Sokol, Kacper and Flach, Peter},
  journal={arXiv preprint arXiv:2112.14466},
  year={2021}
}


@inproceedings{sokol2023reasonable,
  title={(Un)reasonable allure of ante-hoc interpretability for high-stakes domains: Transparency is necessary but insufficient for comprehensibility},
  author={Sokol, Kacper and Vogt, Julia E},
  booktitle={3rd Workshop on Interpretable Machine Learning in Healthcare (IMLH) at 2023 International Conference on Machine Learning (ICML)},
  year={2023}
}

@book{Guidotti2021,
author="Guidotti, Riccardo and Monreale, Anna and Pedreschi, Dino and Giannotti, Fosca",
editor="Sayed-Mouchaweh, Moamar",
title="Principles of Explainable Artificial Intelligence",
bookTitle="Explainable AI Within the Digital Transformation and Cyber Physical Systems: XAI Methods and Applications",
year="2021",
publisher="Springer International Publishing"
}

@article{guidotti2018survey,
  title={A survey of methods for explaining black box models},
  author={Guidotti, Riccardo and Monreale, Anna and Ruggieri, Salvatore and Turini, Franco and Giannotti, Fosca and Pedreschi, Dino},
  journal={ACM computing surveys (CSUR)},
  volume={51},
  number={5},
  pages={1--42},
  year={2018},
  publisher={ACM New York, NY, USA}
}

@article{augasta2012reverse,
  title={Reverse engineering the neural networks for rule extraction in classification problems},
  author={Augasta, M Gethsiyal and Kathirvalavakumar, Thangairulappan},
  journal={Neural processing letters},
  volume={35},
  number={2},
  pages={131--150},
  year={2012},
  publisher={Springer}
}

@article{Shokri2019,
  author    = {Reza Shokri and Martin Strobel and Yair Zick},
  title     = {Privacy Risks of Explaining Machine Learning Models},
  journal   = {CoRR},
  volume    = {abs/1907.00164},
  year      = {2019},
  url       = {http://arxiv.org/abs/1907.00164},
  archivePrefix = {arXiv},
  eprint    = {1907.00164},
  timestamp = {Mon, 08 Jul 2019 14:12:33 +0200},
  biburl    = {https://dblp.org/rec/journals/corr/abs-1907-00164.bib},
  bibsource = {dblp computer science bibliography, https://dblp.org}
}

@inproceedings{naretto2020predicting,
  title={Predicting and Explaining Privacy Risk Exposure in Mobility Data},
  author={Naretto, Francesca and Pellungrini, Roberto and Monreale, Anna and Nardini, Franco Maria and Musolesi, Mirco},
  booktitle={International Conference on Discovery Science},
  pages={403--418},
  year={2020},
  organization={Springer}
}

@article{Blanco-Justicia20,
  author    = {Alberto Blanco{-}Justicia and
               Josep Domingo{-}Ferrer and
               Sergio Mart{\'{\i}}nez and
               David S{\'{a}}nchez},
  title     = {Machine learning explainability via microaggregation and shallow decision
               trees},
  journal   = {Knowl. Based Syst.},
  volume    = {194},
  pages     = {105532},
  year      = {2020}
}

@book{pasquale2015black,
  title={The black box society},
  author={Pasquale, Frank},
  year={2015},
  publisher={Harvard University Press}
}

@article{arrieta2020explainable,
  title={Explainable Artificial Intelligence (XAI): Concepts, taxonomies, opportunities and challenges toward responsible AI},
  author={Arrieta, Alejandro Barredo and D{\'\i}az-Rodr{\'\i}guez, Natalia and Del Ser, Javier and Bennetot, Adrien and Tabik, Siham and Barbado, Alberto and Garc{\'\i}a, Salvador and Gil-L{\'o}pez, Sergio and Molina, Daniel and Benjamins, Richard and others},
  journal={Information Fusion},
  volume={58},
  pages={82--115},
  year={2020},
  publisher={Elsevier}
}


@article{miller2019explanation,
  title={Explanation in artificial intelligence: Insights from the social sciences},
  author={Miller, Tim},
  journal={Artificial Intelligence},
  volume={267},
  pages={1--38},
  year={2019},
  publisher={Elsevier}
}

@article{adadi2018peeking,
  title={Peeking inside the black-box: A survey on Explainable Artificial Intelligence (XAI)},
  author={Adadi, Amina and Berrada, Mohammed},
  journal={IEEE Access},
  volume={6},
  pages={52138--52160},
  year={2018},
  publisher={IEEE}
}

@article{comande2017right,
	title={Why a Right to Legibility of Automated Decision-Making Exists in the {G}eneral {D}ata {P}rotection {R}egulation},
	author={Gianclaudio Malgieri and Giovanni Comand\'e},
	journal={International Data Privacy Law},
	volume={7},
	number={4},
	pages={243--265},
	year={2017}
}

@inproceedings{goodman2016eu,
  title={EU regulations on algorithmic decision-making and a “right to explanation”},
  author={Goodman, Bryce and Flaxman, Seth},
  booktitle={ICML workshop on human interpretability in machine learning (WHI 2016), New York, NY. http://arxiv. org/abs/1606.08813 v1},
  year={2016}
}

@article{wachter2017right,
  title={Why a right to explanation of automated decision-making does not exist in the general data protection regulation},
  author={Wachter, Sandra and Mittelstadt, Brent and Floridi, Luciano},
  journal={International Data Privacy Law},
  volume={7},
  number={2},
  pages={76--99},
  year={2017},
  publisher={Oxford University Press}
}

@inproceedings{ribeiro2016should,
  title={Why Should I Trust You?: Explaining the Predictions of Any Classifier},
  author={Ribeiro, Marco Tulio and Singh, Sameer and Guestrin, Carlos},
  booktitle={Proceedings of the 22nd ACM SIGKDD International Conference on Knowledge Discovery and Data Mining},
  pages={1135--1144},
  year={2016},
  organization={ACM}
}

@article{doshi2017towards,
  title={Towards a rigorous science of interpretable machine learning},
  author={Doshi-Velez, Finale and Kim, Been},
  journal={arXiv preprint arXiv:1702.08608},
  year={2017}
}

@inproceedings{bhatt2020explainable,
  title={Explainable machine learning in deployment},
  author={Bhatt, Umang and Xiang, Alice and Sharma, Shubham and Weller, Adrian and Taly, Ankur and Jia, Yunhan and Ghosh, Joydeep and Puri, Ruchir and Moura, Jos{\'e} MF and Eckersley, Peter},
  booktitle={Proceedings of the 2020 Conference on Fairness, Accountability, and Transparency},
  pages={648--657},
  year={2020}
}

@inproceedings{craven1996extracting,
  title={Extracting tree-structured representations of trained networks},
  author={Craven, Mark and Shavlik, Jude W},
  booktitle={Advances in neural information processing systems},
  pages={24--30},
  year={1996}
}

@inproceedings{angelino2017learning,
  title={Learning Certifiably Optimal Rule Lists},
  author={Angelino, Elaine and Larus-Stone, Nicholas and Alabi, Daniel and Seltzer, Margo and Rudin, Cynthia},
  booktitle={Proceedings of the 23rd ACM SIGKDD International Conference on Knowledge Discovery and Data Mining},
  pages={35--44},
  year={2017},
  organization={ACM}
}

@article{rudin2019stop,
  title={Stop explaining black box machine learning models for high stakes decisions and use interpretable models instead},
  author={Rudin, Cynthia},
  journal={Nature Machine Intelligence},
  volume={1},
  number={5},
  pages={206--215},
  year={2019},
  publisher={Nature Publishing Group}
}

@article{rudin2019we,
  title={Why Are We Using Black Box Models in AI When We Don’t Need To? A Lesson From An Explainable AI Competition},
  author={Rudin, Cynthia and Radin, Joanna},
  journal={Harvard Data Science Review},
  volume={1},
  number={2},
  year={2019},
  publisher={PubPub}
}

@inproceedings{lundberg2017unified,
  title={A unified approach to interpreting model predictions},
  author={Lundberg, Scott M and Lee, Su-In},
  booktitle={Advances in neural information processing systems},
  pages={4765--4774},
  year={2017}
}

@article{martens2007comprehensible,
  title={Comprehensible credit scoring models using rule extraction from support vector machines},
  author={Martens, David and Baesens, Bart and Van Gestel, Tony and Vanthienen, Jan},
  journal={European journal of operational research},
  volume={183},
  number={3},
  pages={1466--1476},
  year={2007},
  publisher={Elsevier}
}

@article{freitas2014comprehensible,
  title={Comprehensible classification models: a position paper},
  author={Freitas, Alex A},
  journal={ACM SIGKDD explorations newsletter},
  volume={15},
  number={1},
  pages={1--10},
  year={2014},
  publisher={ACM}
}

@incollection{murphy1991id2,
  title={ID2-of-3: Constructive induction of M-of-N concepts for discriminators in decision trees},
  author={Murphy, Patrick M and Pazzani, Michael J},
  booktitle={Machine Learning Proceedings 1991},
  pages={183--187},
  year={1991},
  publisher={Elsevier}
}

@book{quinlan1993c4,
  title={C4.5: Programs for Machine Learning},
  author={Quinlan, J Ross},
  year={1993},
  publisher={Elsevier}
}

@inproceedings{wang2015falling,
  title={Falling rule lists},
  author={Wang, Fulton and Rudin, Cynthia},
  booktitle={Artificial Intelligence and Statistics},
  pages={1013--1022},
  year={2015}
}

@inproceedings{lakkaraju2016interpretable,
  title={Interpretable decision sets: A joint framework for description and prediction},
  author={Lakkaraju, Himabindu and Bach, Stephen H and Leskovec, Jure},
  booktitle={Proceedings of the 22nd ACM SIGKDD International Conference on Knowledge Discovery and Data Mining},
  pages={1675--1684},
  year={2016},
  organization={ACM}
}


@inproceedings{yin2003cpar,
  title={CPAR: Classification based on predictive association rules},
  author={Yin, Xiaoxin and Han, Jiawei},
  booktitle={Proceedings of the 2003 SIAM International Conference on Data Mining},
  pages={331--335},
  year={2003},
  organization={SIAM}
}

@book{tan2006introduction,
  title={Introduction to data mining},
  author={Tan, Pang-Ning and others},
  year={2006},
  publisher={Pearson Education India}
}

@inproceedings{pedreshi2008discrimination,
  title={Discrimination-aware data mining},
  author={Pedreshi, Dino and Ruggieri, Salvatore and Turini, Franco},
  booktitle={Proceedings of the 14th ACM SIGKDD international conference on Knowledge discovery and data mining},
  pages={560--568},
  year={2008}
}

@article{lowry1988blot,
  title={A blot on the profession},
  author={Lowry, Stella and Macpherson, Gordon},
  journal={British medical journal (Clinical research ed.)},
  volume={296},
  number={6623},
  pages={657},
  year={1988},
  publisher={BMJ Publishing Group}
}

@article{bengio2003neural,
  title={A neural probabilistic language model},
  author={Bengio, Yoshua and Ducharme, R{\'e}jean and Vincent, Pascal and Jauvin, Christian},
  journal={Journal of machine learning research},
  volume={3},
  number={Feb},
  pages={1137--1155},
  year={2003}
}

@inproceedings{boz2002extracting,
  title={Extracting decision trees from trained neural networks},
  author={Boz, Olcay},
  booktitle={Proceedings of the eighth ACM SIGKDD international conference on Knowledge discovery and data mining},
  pages={456--461},
  year={2002}
}

@inproceedings{johansson2009evolving,
  title={Evolving decision trees using oracle guides},
  author={Johansson, Ulf and Niklasson, Lars},
  booktitle={2009 IEEE Symposium on Computational Intelligence and Data Mining},
  pages={238--244},
  year={2009},
  organization={IEEE}
}

@inproceedings{agrawal1994fast,
  title={Fast algorithms for mining association rules},
  author={Agrawal, Rakesh and Srikant, Ramakrishnan and others},
  booktitle={Proc. 20th int. conf. very large data bases, VLDB},
  volume={1215},
  pages={487--499},
  year={1994}
}

@inproceedings{ribeiro2018anchors,
  title={Anchors: High-precision model-agnostic explanations},
  author={Ribeiro, Marco Tulio and Singh, Sameer and Guestrin, Carlos},
  booktitle={Thirty-Second AAAI Conference on Artificial Intelligence},
  year={2018}
}

@article{guidotti2019factual,
  title={Factual and counterfactual explanations for black box decision making},
  author={Guidotti, Riccardo and Monreale, Anna and Giannotti, Fosca and Pedreschi, Dino and Ruggieri, Salvatore and Turini, Franco},
  journal={IEEE Intelligent Systems},
  volume={34},
  number={6},
  pages={14--23},
  year={2019},
  publisher={IEEE}
}

@article{andrews1995survey,
  title={Survey and critique of techniques for extracting rules from trained artificial neural networks},
  author={Andrews, Robert and Diederich, Joachim and Tickle, Alan B},
  journal={Knowledge-based systems},
  volume={8},
  number={6},
  pages={373--389},
  year={1995},
  publisher={Elsevier}
}

@book{molnar2020interpretable,
  title={Interpretable Machine Learning},
  author={Molnar, Christoph},
  year={2020},
  publisher={Lulu. com}
}

@article{shapley1953value,
  title={A value for n-person games},
  author={Shapley, Lloyd S},
  journal={Contributions to the Theory of Games},
  volume={2},
  number={28},
  pages={307--317},
  year={1953}
}

@article{makhzani2015adversarial,
  title={Adversarial autoencoders},
  author={Makhzani, Alireza and Shlens, Jonathon and Jaitly, Navdeep and Goodfellow, Ian and Frey, Brendan},
  journal={arXiv preprint arXiv:1511.05644},
  year={2015}
}

@inproceedings{guidotti2019black,
  title={Black Box Explanation by Learning Image Exemplars in the Latent Feature Space},
  author={Guidotti, Riccardo and Monreale, Anna and Matwin, Stan and Pedreschi, Dino},
  booktitle={Joint European Conference on Machine Learning and Knowledge Discovery in Databases},
  pages={189--205},
  year={2019},
  organization={Springer}
}

@article{simonyan2013deep,
  title={Deep inside convolutional networks: Visualising image classification models and saliency maps},
  author={Simonyan, Karen and Vedaldi, Andrea and Zisserman, Andrew},
  journal={arXiv preprint arXiv:1312.6034},
  year={2013}
}

@article{shrikumar2016not,
  title={Not just a black box: Learning important features through propagating activation differences},
  author={Shrikumar, Avanti and Greenside, Peyton and Shcherbina, Anna and Kundaje, Anshul},
  journal={arXiv preprint arXiv:1605.01713},
  year={2016}
}

@inproceedings{guidotti2020crash,
  title={Crash Prediction and Risk Assessment with Individual Mobility Networks},
  author={Guidotti, Riccardo and Nanni, Mirco},
  booktitle={2020 21st IEEE International Conference on Mobile Data Management (MDM)},
  pages={89--98},
  year={2020},
  organization={IEEE}
}

@article{sundararajan2017axiomatic,
  title={Axiomatic attribution for deep networks},
  author={Sundararajan, Mukund and Taly, Ankur and Yan, Qiqi},
  journal={arXiv preprint arXiv:1703.01365},
  year={2017}
}

@inproceedings{setzu2019global,
  title={Global Explanations with Local Scoring},
  author={Setzu, Mattia and Guidotti, Riccardo and Monreale, Anna and Turini, Franco},
  booktitle={Joint European Conference on Machine Learning and Knowledge Discovery in Databases},
  pages={159--171},
  year={2019},
  organization={Springer}
}

@inproceedings{lampridis2020explaining,
  title={Explaining Sentiment Classification with Synthetic Exemplars and Counter-Exemplars},
  author={Lampridis, Orestis and Guidotti, Riccardo and Ruggieri, Salvatore},
  booktitle={International Conference on Discovery Science},
  pages={357--373},
  year={2020},
  organization={Springer}
}

@article{bach2015pixel,
  title={On pixel-wise explanations for non-linear classifier decisions by layer-wise relevance propagation},
  author={Bach, Sebastian and Binder, Alexander and Montavon, Gr{\'e}goire and Klauschen, Frederick and M{\"u}ller, Klaus-Robert and Samek, Wojciech},
  journal={PloS one},
  volume={10},
  number={7},
  pages={e0130140},
  year={2015},
  publisher={Public Library of Science}
}

@inproceedings{frixione2012prototypes,
  title={Prototypes Vs Exemplars in Concept Representation.},
  author={Frixione, Marcello and Lieto, Antonio},
  booktitle={KEOD},
  pages={226--232},
  year={2012}
}

@article{bien2011prototype,
  title={Prototype selection for interpretable classification},
  author={Bien, Jacob and Tibshirani, Robert},
  journal={The Annals of Applied Statistics},
  pages={2403--2424},
  year={2011},
  publisher={JSTOR}
}

@inproceedings{li2018deep,
  title={Deep learning for case-based reasoning through prototypes: A neural network that explains its predictions},
  author={Li, Oscar and Liu, Hao and Chen, Chaofan and Rudin, Cynthia},
  booktitle={Thirty-second AAAI conference on artificial intelligence},
  year={2018}
}

@inproceedings{chen2019looks,
  title={This looks like that: deep learning for interpretable image recognition},
  author={Chen, Chaofan and Li, Oscar and Tao, Daniel and Barnett, Alina and Rudin, Cynthia and Su, Jonathan K},
  booktitle={Advances in neural information processing systems},
  pages={8930--8941},
  year={2019}
}

@inproceedings{kim2016examples,
  title={Examples are not enough, learn to criticize! criticism for interpretability},
  author={Kim, Been and Khanna, Rajiv and Koyejo, Oluwasanmi O},
  booktitle={Advances in neural information processing systems},
  pages={2280--2288},
  year={2016}
}

@article{wachter2017counterfactual,
  title={Counterfactual explanations without opening the black box: Automated decisions and the GDPR},
  author={Wachter, Sandra and Mittelstadt, Brent and Russell, Chris},
  journal={HJLT},
  volume={31},
  pages={841},
  year={2017},
  publisher={HeinOnline}
}

@inproceedings{ustun2019actionable,
  title={Actionable recourse in linear classification},
  author={Ustun, Berk and Spangher, Alexander and Liu, Yang},
  booktitle={Proceedings of the Conference on Fairness, Accountability, and Transparency},
  pages={10--19},
  year={2019}
}

@article{laugel2017inverse,
  title={Inverse classification for comparison-based interpretability in machine learning},
  author={Laugel, Thibault and Lesot, Marie-Jeanne and Marsala, Christophe and Renard, Xavier and Detyniecki, Marcin},
  journal={arXiv preprint arXiv:1712.08443},
  year={2017}
}

@inproceedings{krause2016interacting,
  title={Interacting with predictions: Visual inspection of black-box machine learning models},
  author={Krause, Josua and Perer, Adam and Ng, Kenney},
  booktitle={Proceedings of the 2016 CHI Conference on Human Factors in Computing Systems},
  pages={5686--5697},
  year={2016}
}

@article{friedman2001greedy,
  title={Greedy function approximation: a gradient boosting machine},
  author={Friedman, Jerome H},
  journal={Annals of statistics},
  pages={1189--1232},
  year={2001},
  publisher={JSTOR}
}

@article{RomeiR14,
  author    = {Andrea Romei and
               Salvatore Ruggieri},
  title     = {A multidisciplinary survey on discrimination analysis},
  journal   = {Knowledge Eng. Review},
  volume    = {29},
  number    = {5},
  pages     = {582--638},
  year      = {2014}
}


@article{aldeen2015comprehensive,
  title={A comprehensive review on privacy preserving data mining},
  author={Aldeen, Yousra Abdul Alsahib S and Salleh, Mazleena and Razzaque, Mohammad Abdur},
  journal={SpringerPlus},
  volume={4},
  number={1},
  pages={694},
  year={2015},
  publisher={Springer International Publishing}
}

@inproceedings{factsheets,
  author    = {Kacper Sokol and
               Peter A. Flach},
   title     = {Explainability fact sheets: a framework for systematic assessment
               of explainable approaches},
  booktitle = {FAT* '20: Conference on Fairness, Accountability, and Transparency,
               Barcelona, Spain, January 27-30, 2020},
  pages     = {56--67},
  publisher = {{ACM}},
  year      = {2020},

}

@article{oriol2019benchmarking,
  title={Benchmarking machine learning models for late-onset alzheimer’s disease prediction from genomic data},
  author={Oriol, Javier De Velasco and Vallejo, Edgar E and Estrada, Karol and Pe{\~n}a, Jos{\'e} Gerardo Tam{\'e}z and Alzheimer’s Disease Neuroimaging Initiative and others},
  journal={BMC bioinformatics},
  volume={20},
  number={1},
  pages={1--17},
  year={2019},
  publisher={BioMed Central}
}

@article{Diabetes,
title = "Diabetes detection using deep learning algorithms",
journal = "ICT Express",
volume = "4",
number = "4",
pages = "243 - 246",
year = "2018",
issn = "2405-9595"
}

@article{swapna2018diabetes,
  title={Diabetes detection using deep learning algorithms},
  author={Swapna, G and Vinayakumar, R and Soman, KP},
  journal={ICT Express},
  volume={4},
  number={4},
  pages={243--246},
  year={2018},
  publisher={Elsevier}
}


@misc{bakas2018identifying,
    title={Identifying the Best Machine Learning Algorithms for Brain Tumor Segmentation, Progression Assessment, and Overall Survival Prediction in the BRATS Challenge},
    author={Spyridon Bakas and et al.},
    year={2018},
    eprint={1811.02629},
    archivePrefix={arXiv},
    primaryClass={cs.CV}
}


@article{fahner2018developing,
  title={Developing Transparent Credit Risk Scorecards More Effectively: An Explainable Artificial Intelligence Approach},
  author={Fahner, Gerald},
  journal={Data Anal},
  volume={2018},
  pages={17},
  year={2018}
}

@MISC{He15trirank,
    author = {Xiangnan He and Tao Chen and Min-yen Kan and Xiao Chen},
    title = {TriRank: Review-aware Explainable Recommendation by Modeling Aspects},
    year = {2015}
}

@inproceedings{ChenCXZ0QZ19,
  author    = {Xu Chen and
               Hanxiong Chen and
               Hongteng Xu and
               Yongfeng Zhang and
               Yixin Cao and
               Zheng Qin and
               Hongyuan Zha},
  editor    = {Benjamin Piwowarski and
               Max Chevalier and
               {\'{E}}ric Gaussier and
               Yoelle Maarek and
               Jian{-}Yun Nie and
               Falk Scholer},
  title     = {Personalized Fashion Recommendation with Visual Explanations based
               on Multimodal Attention Network: Towards Visually Explainable Recommendation},
  booktitle = {Proceedings of the 42nd International {ACM} {SIGIR} Conference on
               Research and Development in Information Retrieval, {SIGIR} 2019, Paris,
               France, July 21-25, 2019},
  pages     = {765--774},
  publisher = {{ACM}},
  year      = {2019}
}

@inproceedings{zeiler2014visualizing,
  title={Visualizing and understanding convolutional networks},
  author={Zeiler, Matthew D and Fergus, Rob},
  booktitle={European conference on computer vision},
  pages={818--833},
  year={2014},
  organization={Springer}
}

@inproceedings{fong2017interpretable,
  title={Interpretable explanations of black boxes by meaningful perturbation},
  author={Fong, Ruth C and Vedaldi, Andrea},
  booktitle={Proceedings of the IEEE International Conference on Computer Vision},
  pages={3429--3437},
  year={2017}
}

@inproceedings{bolukbasi2016man,
  title={Man is to computer programmer as woman is to homemaker? debiasing word embeddings},
  author={Bolukbasi, Tolga and Chang, Kai-Wei and Zou, James Y and Saligrama, Venkatesh and Kalai, Adam T},
  booktitle={Advances in neural information processing systems},
  pages={4349--4357},
  year={2016}
}

@inproceedings{apicella2019contrastive,
  title={Contrastive Explanations to Classification Systems Using Sparse Dictionaries},
  author={Apicella, Andrea and Isgr{\`o}, Francesco and Prevete, Roberto and Tamburrini, Guglielmo},
  booktitle={International Conference on Image Analysis and Processing},
  pages={207--218},
  year={2019},
  organization={Springer}
}

@inproceedings{byrne2019counterfactuals,
  title={Counterfactuals in Explainable Artificial Intelligence (XAI): Evidence from Human Reasoning.},
  author={Byrne, Ruth MJ},
  booktitle={IJCAI},
  pages={6276--6282},
  year={2019}
}

@inproceedings{guidotti2019investigating,
  title={Investigating Neighborhood Generation Methods for Explanations of Obscure Image Classifiers},
  author={Guidotti, Riccardo and Monreale, Anna and Cariaggi, Leonardo},
  booktitle={Pacific-Asia Conference on Knowledge Discovery and Data Mining},
  pages={55--68},
  year={2019},
  organization={Springer}
}

@inproceedings{guidotti2019stability,
  title={On the stability of interpretable models},
  author={Guidotti, Riccardo and Ruggieri, Salvatore},
  booktitle={2019 International Joint Conference on Neural Networks (IJCNN)},
  pages={1--8},
  year={2019},
  organization={IEEE}
}

@article{goyal2019explaining,
  title={Explaining classifiers with causal concept effect (cace)},
  author={Goyal, Yash and Feder, Amir and Shalit, Uri and Kim, Been},
  journal={arXiv preprint arXiv:1907.07165},
  year={2019}
}

@inproceedings{pedreschi2019meaningful,
  title={Meaningful explanations of Black Box AI decision systems},
  author={Pedreschi, Dino and Giannotti, Fosca and Guidotti, Riccardo and Monreale, Anna and Ruggieri, Salvatore and Turini, Franco},
  booktitle={Proceedings of the AAAI Conference on Artificial Intelligence},
  volume={33},
  pages={9780--9784},
  year={2019}
}

@inproceedings{laugel2019unjustified,
  title={Unjustified Classification Regions and Counterfactual Explanations In Machine Learning},
  author={Laugel, Thibault and Lesot, Marie-Jeanne and Marsala, Christophe and Renard, Xavier and Detyniecki, Marcin},
  booktitle={Joint European Conference on Machine Learning and Knowledge Discovery in Databases},
  pages={37--54},
  year={2019},
  organization={Springer}
}
