@inproceedings{arrietaXAItassonomy,
 author={Arrieta, A. B. and Díaz-Rodríguez, N. and Del Ser, J. and Bennetot, A. and Tabik, S. and Barbado, A. and García, S. and Gil-López, S. and Molina, D. and Benjamins, R.},
 title={Explainable artificial intelligence (xai): Concepts, taxonomies, opportunities and challenges toward responsible AI},
 booktitle={Information Fusion},
 year={2020}
}

@article{guidotti_survey,
 author={Guidotti, R. and Monreale, A. and Ruggieri, S. and Turini, F. and Giannotti, F. and Pedreschi, D.},
 title={A survey of methods for explaining black box models},
 journal={ACM computing surveys (CSUR)}, 
 volume={51},
 number={(5)}, 
 year={2018}
}


@book{Guidotti2021,
author="Guidotti, Riccardo and Monreale, Anna and Pedreschi, Dino and Giannotti, Fosca",
editor="Sayed-Mouchaweh, Moamar",
title="Principles of Explainable Artificial Intelligence",
bookTitle="Explainable AI Within the Digital Transformation and Cyber Physical Systems: XAI Methods and Applications",
year="2021",
publisher="Springer International Publishing"
}


@inproceedings{ribeiro,
 author={Ribeiro, M.T. and Singh, S. and Guestrin, C.},
 year={2016},
 title={"Why Should {I} Trust You?": Explaining the Predictions of Any Classifier},
 booktitle={SIGKDD}
}

@misc{propublica,
 author={Angwin, J. and Larson, J. and Mattu, S. and Kirchner, L.},
 year={2016},
 title={Machine Bias: There’s software used across the country to predict future criminals. And it’s biased against blacks.}, 
 url={https://www.propublica.org/article/machine-bias-risk-assessments-in-criminal-sentencing},
 urldate={2020-09-22}
}

@misc{hleg,
  url={https://digital-strategy.ec.europa.eu/en/library/ethics-guidelines-trustworthy-ai},
  author={High-Level Expert Group on Artificial Intelligence}, 
  title={Ethics {G}uidelines for {T}rustworthy {AI}},
  year={2019},
  urldate={2022-02-16}
}

@misc{leslie,
  title={Understanding artificial intelligence ethics and safety - A guide for the responsible design and implementation of AI systems in the public sector},
  author={David Leslie (the Alan Turing Institute)},
  url={https://www.turing.ac.uk/sites/default/files/2019-06/understanding_artificial_intelligence_ethics_and_safety.pdf},
  urldate = {2022-02-16}
}

@misc{ico,
  title={Explaining decisions made with {AI}},
  author={Information Commissioner's Office (ICO) and The Alan Turing Institute}, 
  url={https://ico.org.uk/for-organisations/guide-to-data-protection/key-dp-themes/explaining-decisions-made-with-ai/},
  urldate = {2022-02-16}
}


@misc{nist,
  author={P. Jonathon Phillips and Carina A. Hahn and Peter C. Fontana and Amy N. Yates and Kristen Greene and David A. Broniatowski and Mark A. Przybocki}, 
  title={Four Principles of Explainable Artificial Intelligence}, 
  Howpublished={NISTIR 8312, September 2021}, 
  url={https://doi.org/10.6028/NIST.IR.8312},
  urldate = {2022-02-16}
}

@inproceedings{agrawalVLDB,
    author={R. Agrawal and R. Srikant and et al.},
    title={Fast algorithms for mining association rules},
    booktitle={Proceeding 20th international conference very large data bases (VLDB)},
    year={1994}
}

@article{adadi1,
  title={Peeking inside the black-box: A survey on Explainable Artificial Intelligence (XAI)},
  author={Adadi, Amina and Berrada, Mohammed},
  journal={IEEE Access},
  volume={6},
  pages={52138--52160},
  year={2018},
  publisher={IEEE}
}

@inproceedings{agrawal2,
	author={R. Agrawal and R. Srikant},
	title={Fast algorithms for mining association rules},
	booktitle={International Conference Very Large Data Bases (VLDB)},
	volume={1215}, 
	pages={487–499}, 
	year={1994}
}

@article{aldeen3,
	author={Y. A. A. S. Aldeen and M. Salleh and M. A. Razzaque},
	title={A comprehensive review on privacy preserving data mining},
	journal={SpringerPlus},
	volume={4},
	number={1},
	year={2015}
}

@article{Andrews4,
    author={R. Andrews and J. Diederich, and A. B. Tickle},
    title={Survey and critique of techniques for extracting rules from trained artificial neural networks},
    journal={Knowledge-based systems}, 
    volume={8},
    number={6},
    year={1995}
}

@inproceedings{angelino5,
    author={E. Angelino and N. Larus-Stone and D. Alabi and M. Seltzer and C. Rudin},
    title={Learning certifiably optimal rule lists},
    booktitle={Proceedings of the 23rd ACM SIGKDD International Conference on Knowledge Discovery and Data Mining}, 
    pages={35–44},
    year={2017}
}

@inproceedings{apicella6,
	author={A. Apicella and F. Isgr`o and R. Prevete and G. Tamburrini},
	title={Contrastive explanations to classification systems using sparse dictionaries},
	booktitle={International Conference on Image Analysis and Processing}, 
	pages={207–218},
	year={2019}
}

@article{augasta8,
    author={8. M. G. Augasta and T. Kathirvalavakumar},
    title={Reverse engineering the neural networks for rule extraction in classification problems}, journal={Neural processing letters}, 
    volume={35},
    number={2},
    pages={131–150}, 
    year={2012}
}

@article{bach9,
  title={On pixel-wise explanations for non-linear classifier decisions by layer-wise relevance propagation},
  author={Bach, Sebastian and Binder, Alexander and Montavon, Gr{\'e}goire and Klauschen, Frederick and M{\"u}ller, Klaus-Robert and Samek, Wojciech},
  journal={PloS one},
  volume={10},
  number={7},
  pages={e0130140},
  year={2015},
  publisher={Public Library of Science}
}

@misc{bakas10,
    title={Identifying the Best Machine Learning Algorithms for Brain Tumor Segmentation, Progression Assessment, and Overall Survival Prediction in the BRATS Challenge},
    author={Spyridon Bakas and et al.},
    year={2018},
    eprint={1811.02629},
    archivePrefix={arXiv},
    primaryClass={cs.CV}
}

@article{bengio11,
  title={A neural probabilistic language model},
  author={Bengio, Yoshua and Ducharme, R{\'e}jean and Vincent, Pascal and Jauvin, Christian},
  journal={Journal of machine learning research},
  volume={3},
  number={Feb},
  pages={1137--1155},
  year={2003}
}

@inproceedings{bhatt12,
  title={Explainable machine learning in deployment},
  author={Bhatt, Umang and Xiang, Alice and Sharma, Shubham and Weller, Adrian and Taly, Ankur and Jia, Yunhan and Ghosh, Joydeep and Puri, Ruchir and Moura, Jos{\'e} MF and Eckersley, Peter},
  booktitle={Proceedings of the 2020 Conference on Fairness, Accountability, and Transparency},
  pages={648--657},
  year={2020}
}

@article{bien13,
  title={Prototype selection for interpretable classification},
  author={Bien, Jacob and Tibshirani, Robert},
  journal={The Annals of Applied Statistics},
  pages={2403--2424},
  year={2011},
  publisher={JSTOR}
}

@article{Blanco-Justicia14,
  author    = {Alberto Blanco{-}Justicia and
               Josep Domingo{-}Ferrer and
               Sergio Mart{\'{\i}}nez and
               David S{\'{a}}nchez},
  title     = {Machine learning explainability via microaggregation and shallow decision
               trees},
  journal   = {Knowl. Based Syst.},
  volume    = {194},
  pages     = {105532},
  year      = {2020}
}

@inproceedings{bolukbasi15,
  title={Man is to computer programmer as woman is to homemaker? debiasing word embeddings},
  author={Bolukbasi, Tolga and Chang, Kai-Wei and Zou, James Y and Saligrama, Venkatesh and Kalai, Adam T},
  booktitle={Advances in neural information processing systems},
  pages={4349--4357},
  year={2016}
}

@inproceedings{boz16,
  title={Extracting decision trees from trained neural networks},
  author={Boz, Olcay},
  booktitle={Proceedings of the eighth ACM SIGKDD international conference on Knowledge discovery and data mining},
  pages={456--461},
  year={2002}
}

@inproceedings{byrne17,
  title={Counterfactuals in Explainable Artificial Intelligence (XAI): Evidence from Human Reasoning.},
  author={Byrne, Ruth MJ},
  booktitle={IJCAI},
  pages={6276--6282},
  year={2019}
}

@inproceedings{chen18,
  title={This looks like that: deep learning for interpretable image recognition},
  author={Chen, Chaofan and Li, Oscar and Tao, Daniel and Barnett, Alina and Rudin, Cynthia and Su, Jonathan K},
  booktitle={Advances in neural information processing systems},
  pages={8930--8941},
  year={2019}
}

@inproceedings{Chen19,
  author    = {Xu Chen and
               Hanxiong Chen and
               Hongteng Xu and
               Yongfeng Zhang and
               Yixin Cao and
               Zheng Qin and
               Hongyuan Zha},
  editor    = {Benjamin Piwowarski and
               Max Chevalier and
               {\'{E}}ric Gaussier and
               Yoelle Maarek and
               Jian{-}Yun Nie and
               Falk Scholer},
  title     = {Personalized Fashion Recommendation with Visual Explanations based
               on Multimodal Attention Network: Towards Visually Explainable Recommendation},
  booktitle = {Proceedings of the 42nd International {ACM} {SIGIR} Conference on
               Research and Development in Information Retrieval, {SIGIR} 2019, Paris,
               France, July 21-25, 2019},
  pages     = {765--774},
  publisher = {{ACM}},
  year      = {2019}
}

@inproceedings{Craven20,
	author={M. Craven and J. W. Shavlik},
	title={Extracting tree-structured representations of trained networks},
	booktitle={Advances in neural information processing systems}, 
	volume={8},
	pages={24–30},
	year={1996}
}

@article{doshi21,
  title={Towards a rigorous science of interpretable machine learning},
  author={Doshi-Velez, Finale and Kim, Been},
  journal={arXiv preprint arXiv:1702.08608},
  year={2017}
}

@article{fahner22,
  title={Developing Transparent Credit Risk Scorecards More Effectively: An Explainable Artificial Intelligence Approach},
  author={Fahner, Gerald},
  journal={Data Anal},
  volume={2018},
  pages={17},
  year={2018}
}

@inproceedings{fong23,
  title={Interpretable explanations of black boxes by meaningful perturbation},
  author={Fong, Ruth C and Vedaldi, Andrea},
  booktitle={Proceedings of the IEEE International Conference on Computer Vision},
  pages={3429--3437},
  year={2017}
}

@article{Freitas24,
	author={A. A. Freitas},
	title={Comprehensible classification models: a position paper},
	journal={ACM SIGKDD explorations newsletter}, 
	volume={15},
	number={1},
	pages={1–10},
	year={2014}
}


@article{friedman25,
  title={Greedy function approximation: a gradient boosting machine},
  author={Friedman, Jerome H},
  journal={Annals of statistics},
  pages={1189--1232},
  year={2001},
  publisher={JSTOR}
}

@inproceedings{frixione26,
  title={Prototypes Vs Exemplars in Concept Representation},
  author={Frixione, Marcello and Lieto, Antonio},
  booktitle={KEOD},
  pages={226--232},
  year={2012}
}

@inproceedings{goodman27,
  title={EU regulations on algorithmic decision-making and a “right to explanation”},
  author={Goodman, Bryce and Flaxman, Seth},
  booktitle={ICML workshop on human interpretability in machine learning (WHI 2016), New York, NY. http://arxiv. org/abs/1606.08813 v1},
  year={2016}
}

@article{goyal28,
  title={Explaining classifiers with causal concept effect (cace)},
  author={Goyal, Yash and Feder, Amir and Shalit, Uri and Kim, Been},
  journal={arXiv preprint arXiv:1907.07165},
  year={2019}
}

@inproceedings{guidotti2019investigating_29,
  title={Investigating Neighborhood Generation Methods for Explanations of Obscure Image Classifiers},
  author={Guidotti, Riccardo and Monreale, Anna and Cariaggi, Leonardo},
  booktitle={Pacific-Asia Conference on Knowledge Discovery and Data Mining},
  pages={55--68},
  year={2019},
  organization={Springer}
}

@article{guidotti2019factual_30,
  title={Factual and counterfactual explanations for black box decision making},
  author={Guidotti, Riccardo and Monreale, Anna and Giannotti, Fosca and Pedreschi, Dino and Ruggieri, Salvatore and Turini, Franco},
  journal={IEEE Intelligent Systems},
  volume={34},
  number={6},
  pages={14--23},
  year={2019},
  publisher={IEEE}
}


@inproceedings{guidotti2019latent_31,
  title={Black Box Explanation by Learning Image Exemplars in the Latent Feature Space},
  author={Guidotti, Riccardo and Monreale, Anna and Matwin, Stan and Pedreschi, Dino},
  booktitle={Joint European Conference on Machine Learning and Knowledge Discovery in Databases},
  pages={189--205},
  year={2019},
  organization={Springer}
}


@inproceedings{guidotti2020crash_33,
  title={Crash Prediction and Risk Assessment with Individual Mobility Networks},
  author={Guidotti, Riccardo and Nanni, Mirco},
  booktitle={2020 21st IEEE International Conference on Mobile Data Management (MDM)},
  pages={89--98},
  year={2020},
  organization={IEEE}
}

@inproceedings{guidotti2019stability_34,
  title={On the stability of interpretable models},
  author={Guidotti, Riccardo and Ruggieri, Salvatore},
  booktitle={2019 International Joint Conference on Neural Networks (IJCNN)},
  pages={1--8},
  year={2019},
  organization={IEEE}
}

@MISC{He15trirank_35,
    author = {Xiangnan He and Tao Chen and Min-yen Kan and Xiao Chen},
    title = {TriRank: Review-aware Explainable Recommendation by Modeling Aspects},
    year = {2015}
}

@inproceedings{johansson2009evolving_36,
  title={Evolving decision trees using oracle guides},
  author={Johansson, Ulf and Niklasson, Lars},
  booktitle={2009 IEEE Symposium on Computational Intelligence and Data Mining},
  pages={238--244},
  year={2009},
  organization={IEEE}
}

@inproceedings{kim2016examples_37,
  title={Examples are not enough, learn to criticize! criticism for interpretability},
  author={Kim, Been and Khanna, Rajiv and Koyejo, Oluwasanmi O},
  booktitle={Advances in neural information processing systems},
  pages={2280--2288},
  year={2016}
}

@inproceedings{krause2016interacting_38,
  title={Interacting with predictions: Visual inspection of black-box machine learning models},
  author={Krause, Josua and Perer, Adam and Ng, Kenney},
  booktitle={Proceedings of the 2016 CHI Conference on Human Factors in Computing Systems},
  pages={5686--5697},
  year={2016}
}

@inproceedings{lakkaraju39,
    author={H. Lakkaraju and S. H. Bach and J. Leskovec}, 
    title={Interpretable decision sets: A joint framework for description and prediction},
    booktitle={Proceedings of the 22nd ACM SIGKDD International Conference on Knowledge Discovery and Data Mining},
    year={2016}
}

@inproceedings{lakkaraju2016interpretable_39,
  title={Interpretable decision sets: A joint framework for description and prediction},
  author={Lakkaraju, Himabindu and Bach, Stephen H and Leskovec, Jure},
  booktitle={Proceedings of the 22nd ACM SIGKDD International Conference on Knowledge Discovery and Data Mining},
  pages={1675--1684},
  year={2016},
  organization={ACM}
}

@inproceedings{lampridis2020explaining_40,
  title={Explaining Sentiment Classification with Synthetic Exemplars and Counter-Exemplars},
  author={Lampridis, Orestis and Guidotti, Riccardo and Ruggieri, Salvatore},
  booktitle={International Conference on Discovery Science},
  pages={357--373},
  year={2020},
  organization={Springer}
}

@article{laugel2017inverse_41,
  title={Inverse classification for comparison-based interpretability in machine learning},
  author={Laugel, Thibault and Lesot, Marie-Jeanne and Marsala, Christophe and Renard, Xavier and Detyniecki, Marcin},
  journal={arXiv preprint arXiv:1712.08443},
  year={2017}
}

@inproceedings{laugel2019unjustified_42,
  title={Unjustified Classification Regions and Counterfactual Explanations In Machine Learning},
  author={Laugel, Thibault and Lesot, Marie-Jeanne and Marsala, Christophe and Renard, Xavier and Detyniecki, Marcin},
  booktitle={Joint European Conference on Machine Learning and Knowledge Discovery in Databases},
  pages={37--54},
  year={2019},
  organization={Springer}
}

@inproceedings{li2018deep_43,
  title={Deep learning for case-based reasoning through prototypes: A neural network that explains its predictions},
  author={Li, Oscar and Liu, Hao and Chen, Chaofan and Rudin, Cynthia},
  booktitle={Thirty-second AAAI conference on artificial intelligence},
  year={2018}
}

@article{lowry1988blot_44,
  title={A blot on the profession},
  author={Lowry, Stella and Macpherson, Gordon},
  journal={British medical journal (Clinical research ed.)},
  volume={296},
  number={6623},
  pages={657},
  year={1988},
  publisher={BMJ Publishing Group}
}

@inproceedings{Lundberg45,
	author={S. M. Lundberg and S.-I. Lee},
	title={A unified approach to interpreting model predictions},
	booktitle={Advances in neural information processing systems}, 
	pages={4765–4774},
	year={2017}
}

@article{makhzani2015adversarial_46,
  title={Adversarial autoencoders},
  author={Makhzani, Alireza and Shlens, Jonathon and Jaitly, Navdeep and Goodfellow, Ian and Frey, Brendan},
  journal={arXiv preprint arXiv:1511.05644},
  year={2015}
}

@article{comande2017right_47,
	title={Why a Right to Legibility of Automated Decision-Making Exists in the {G}eneral {D}ata {P}rotection {R}egulation},
	author={Gianclaudio Malgieri and Giovanni Comand\'e},
	journal={International Data Privacy Law},
	volume={7},
	number={4},
	pages={243--265},
	year={2017}
}

@article{martens2007comprehensible_48,
  title={Comprehensible credit scoring models using rule extraction from support vector machines},
  author={Martens, David and Baesens, Bart and Van Gestel, Tony and Vanthienen, Jan},
  journal={European journal of operational research},
  volume={183},
  number={3},
  pages={1466--1476},
  year={2007},
  publisher={Elsevier}
}

@article{miller2019explanation_49,
  title={Explanation in artificial intelligence: Insights from the social sciences},
  author={Miller, Tim},
  journal={Artificial Intelligence},
  volume={267},
  pages={1--38},
  year={2019},
  publisher={Elsevier}
}

@book{molnar2020interpretable_50,
  title={Interpretable Machine Learning},
  author={Molnar, Christoph},
  year={2020},
  publisher={Lulu. com}
}

@incollection{murphy1991id2_51,
  title={{ID2-of-3: Constructive induction of M-of-N concepts for discriminators in decision trees}},
  author={Murphy, Patrick M and Pazzani, Michael J},
  booktitle={Machine Learning Proceedings 1991},
  pages={183--187},
  year={1991},
  publisher={Elsevier}
}

@inproceedings{naretto2020predicting_52,
  title={Predicting and Explaining Privacy Risk Exposure in Mobility Data},
  author={Naretto, Francesca and Pellungrini, Roberto and Monreale, Anna and Nardini, Franco Maria and Musolesi, Mirco},
  booktitle={International Conference on Discovery Science},
  pages={403--418},
  year={2020},
  organization={Springer}
}

@article{oriol2019benchmarking_53,
  title={Benchmarking machine learning models for late-onset alzheimer’s disease prediction from genomic data},
  author={Oriol, Javier De Velasco and Vallejo, Edgar E and Estrada, Karol and Pe{\~n}a, Jos{\'e} Gerardo Tam{\'e}z and Alzheimer’s Disease Neuroimaging Initiative and others},
  journal={BMC bioinformatics},
  volume={20},
  number={1},
  pages={1--17},
  year={2019},
  publisher={BioMed Central}
}

@book{pasquale2015black_54,
  title={The black box society},
  author={Pasquale, Frank},
  year={2015},
  publisher={Harvard University Press}
}

@inproceedings{pedreschi2019meaningful_55,
  title={Meaningful explanations of Black Box AI decision systems},
  author={Pedreschi, Dino and Giannotti, Fosca and Guidotti, Riccardo and Monreale, Anna and Ruggieri, Salvatore and Turini, Franco},
  booktitle={Proceedings of the AAAI Conference on Artificial Intelligence},
  volume={33},
  pages={9780--9784},
  year={2019}
}

@inproceedings{pedreshi2008discrimination_56,
  title={Discrimination-aware data mining},
  author={Pedreshi, Dino and Ruggieri, Salvatore and Turini, Franco},
  booktitle={Proceedings of the 14th ACM SIGKDD international conference on Knowledge discovery and data mining},
  pages={560--568},
  year={2008}
}

@book{quinlan1993c4_57,
  title={C4.5: Programs for Machine Learning},
  author={Quinlan, J Ross},
  year={1993},
  publisher={Elsevier}
}

@inproceedings{ribeiro2018anchors_59,
  title={Anchors: High-precision model-agnostic explanations},
  author={Ribeiro, Marco Tulio and Singh, Sameer and Guestrin, Carlos},
  booktitle={Thirty-Second AAAI Conference on Artificial Intelligence},
  year={2018}
}

@article{RomeiR14_60,
  author    = {Andrea Romei and
               Salvatore Ruggieri},
  title     = {A multidisciplinary survey on discrimination analysis},
  journal   = {Knowledge Eng. Review},
  volume    = {29},
  number    = {5},
  pages     = {582--638},
  year      = {2014}
}

@article{rudin61,
	author={C. Rudin},
	title={Stop explaining black box machine learning models for high stakes decisions and use interpretable models instead},
	journal={Nature Machine Intelligence}, 
	volume={1},
	number={5},
	pages={206–215},
	year={2019}
}

@article{rudin62,
	author={C. Rudin and J. Radin},
	title={Why are we using black box models in ai when we don’t need to? {A} lesson from an explainable {AI} competition},
	journal={Harvard Data Science Review}, 
	volume={1},
	number={2}, 
	year={2019}
}

@inproceedings{setzu63,
    author={M. Setzu and R. Guidotti and A. Monreale and F. Turini},
    title={Global explanations with local scoring},
    booktitle={Joint European Conference on Machine Learning and Knowledge Discovery in Databases},
    pages={159–171},
    year={2019}
}

@article{shapley1953value_64,
  title={A value for n-person games},
  author={Shapley, Lloyd S},
  journal={Contributions to the Theory of Games},
  volume={2},
  number={28},
  pages={307--317},
  year={1953}
}

@article{Shokri2019_65,
  author    = {Reza Shokri and
               Martin Strobel and
               Yair Zick},
  title     = {Privacy Risks of Explaining Machine Learning Models},
  journal   = {CoRR},
  volume    = {abs/1907.00164},
  year      = {2019},
  url       = {http://arxiv.org/abs/1907.00164},
  archivePrefix = {arXiv},
  eprint    = {1907.00164},
  timestamp = {Mon, 08 Jul 2019 14:12:33 +0200},
  biburl    = {https://dblp.org/rec/journals/corr/abs-1907-00164.bib},
  bibsource = {dblp computer science bibliography, https://dblp.org}
}

@article{shrikumar2016not_66,
  title={Not just a black box: Learning important features through propagating activation differences},
  author={Shrikumar, Avanti and Greenside, Peyton and Shcherbina, Anna and Kundaje, Anshul},
  journal={arXiv preprint arXiv:1605.01713},
  year={2016}
}

@article{simonyan2013deep_67,
  title={Deep inside convolutional networks: Visualising image classification models and saliency maps},
  author={Simonyan, Karen and Vedaldi, Andrea and Zisserman, Andrew},
  journal={arXiv preprint arXiv:1312.6034},
  year={2013}
}

@inproceedings{flach_fat,
 author={Kacper Sokol and Peter A. Flach},
 title={Explainability fact sheets: a framework for systematic assessment of explainable approaches},
 booktitle={ACM Conference on Fairness, Accountability, and Transparency},
  pages     = {56--67},
  publisher = {{ACM}},
 year={2020}
}

@article{sundararajan2017axiomatic_69,
  title={Axiomatic attribution for deep networks},
  author={Sundararajan, Mukund and Taly, Ankur and Yan, Qiqi},
  journal={arXiv preprint arXiv:1703.01365},
  year={2017}
}

@article{swapna2018diabetes_70,
  title={Diabetes detection using deep learning algorithms},
  author={Swapna, G and Vinayakumar, R and Soman, KP},
  journal={ICT Express},
  volume={4},
  number={4},
  pages={243--246},
  year={2018},
  publisher={Elsevier}
}

@inproceedings{ustun2019actionable_72,
  title={Actionable recourse in linear classification},
  author={Ustun, Berk and Spangher, Alexander and Liu, Yang},
  booktitle={Proceedings of the Conference on Fairness, Accountability, and Transparency},
  pages={10--19},
  year={2019}
}

@article{wachter2017right_73,
  title={Why a right to explanation of automated decision-making does not exist in the {G}eneral {D}ata {P}rotection {R}egulation},
  author={Wachter, Sandra and Mittelstadt, Brent and Floridi, Luciano},
  journal={International Data Privacy Law},
  volume={7},
  number={2},
  pages={76--99},
  year={2017},
  publisher={Oxford University Press}
}

@article{wachter2017counterfactual_74,
  title={Counterfactual explanations without opening the black box: Automated decisions and the GDPR},
  author={Wachter, Sandra and Mittelstadt, Brent and Russell, Chris},
  journal={HJLT},
  volume={31},
  pages={841},
  year={2017},
  publisher={HeinOnline}
}

@inproceedings{rudin2015,
    author={F. Wang and C. Rudin},
    title={Falling rule lists},
    booktitle={Artificial Intelligence and Statistics},
    year={2015}
}

@inproceedings{yinICDM,
    author={X. Yin and J. Han},
    title={Cpar: Classification based on predictive association rules},
    booktitle={SIAM International Conference on Data Mining},
    year={2003}
}
 
@inproceedings{zeiler2014visualizing_77,
  title={Visualizing and understanding convolutional networks},
  author={Zeiler, Matthew D and Fergus, Rob},
  booktitle={European conference on computer vision},
  pages={818--833},
  year={2014},
  organization={Springer}
}

@misc{guidotti_lore,
	title={Local Rule-Based Explanations of Black Box Decision Systems},
	note={https://arxiv.org/abs/1805.10820},
	author={Riccardo Guidotti and Anna Monreale and Salvatore Ruggieri and Dino Pedreschi and Franco Turini and Fosca Giannotti},
	year={2018}
}

