@article{DBLP:journals/csur/MehrabiMSLG21,
 author = {Ninareh Mehrabi and
Fred Morstatter and
Nripsuta Saxena and
Kristina Lerman and
Aram Galstyan},
 journal = {{ACM} Comput. Surv.},
 number = {6},
 pages = {115:1--115:35},
 title = {A Survey on Bias and Fairness in Machine Learning},
 volume = {54},
 year = {2021}
}
@inproceedings{HeidariFGK18,
  author    = {Hoda Heidari and
               Claudio Ferrari and
               Krishna P. Gummadi and
               Andreas Krause},
  title     = {Fairness Behind a Veil of Ignorance: {A} Welfare Analysis for Automated
               Decision Making},
  booktitle = {NeurIPS},
  pages     = {1273--1283},
  year      = {2018}
}

@inproceedings{DBLP:conf/fat/Binns18,
  author    = {Reuben Binns},
  title     = {Fairness in Machine Learning: Lessons from Political Philosophy},
  booktitle = {{FAT}},
  series    = {Proceedings of Machine Learning Research},
  volume    = {81},
  pages     = {149--159},
  publisher = {{PMLR}},
  year      = {2018}
}

@inproceedings{DBLP:conf/fat/HutchinsonM19,
  author    = {Ben Hutchinson and
               Margaret Mitchell},
  title     = {50 Years of Test (Un)fairness: Lessons for Machine Learning},
  booktitle = {{FAT}},
  pages     = {49--58},
  publisher = {{ACM}},
  year      = {2019}
}

@article{10.1162/ajle_a_00019,
    author = {Minow, Martha},
    title = "{Equality vs. Equity}",
    journal = {American Journal of Law and Equality},
    volume = {1},
    pages = {167-193},
    year = {2021}}


@inproceedings{JabbariJKMR17,
  author    = {Shahin Jabbari and
               Matthew Joseph and
               Michael J. Kearns and
               Jamie Morgenstern and
               Aaron Roth},
  title     = {Fairness in Reinforcement Learning},
  booktitle = {{ICML}},
  series    = {Proceedings of Machine Learning Research},
  volume    = {70},
  pages     = {1617--1626},
  publisher = {{PMLR}},
  year      = {2017}
}

@article{DBLP:journals/hhci/RobertPMKA20,
 author = {Lionel P. Robert and
Casey Pierce and
Liz Marquis and
Sangmi Kim and
Rasha Alahmad},
 journal = {Hum. Comput. Interact.},
 number = {5-6},
 pages = {545--575},
 title = {Designing fair {AI} for managing employees in organizations: a review,
critique, and design agenda},
 volume = {35},
 year = {2020}
}

@article{Bankins22,
 author = {Sarah Bankins and
Paul Formosa and
Yannick Griep and
Deborah Richards},
 journal = {Information Systems Frontiers},
 title = {Decision Making with Dignity? {C}ontrasting Workers’ Justice Perceptions of Human and {AI} Decision Making in a Human Resource Management Context},
 volume = {Forthcoming},
 year = {2022}
}

@article{DBLP:journals/widm/NtoutsiFGINVRTP20,
 author = {Eirini Ntoutsi and
Pavlos Fafalios and
Ujwal Gadiraju and
Vasileios Iosifidis and
Wolfgang Nejdl and
Maria{-}Esther Vidal and
Salvatore Ruggieri and
Franco Turini and
Symeon Papadopoulos and
Emmanouil Krasanakis and
Ioannis Kompatsiaris and
Katharina Kinder{-}Kurlanda and
Claudia Wagner and
Fariba Karimi and
Miriam Fern{\'{a}}ndez and
Harith Alani and
Bettina Berendt and
Tina Kruegel and
Christian Heinze and
Klaus Broelemann and
Gjergji Kasneci and
Thanassis Tiropanis and
Steffen Staab},
 journal = {WIREs Data Mining Knowl. Discov.},
 number = {3},
 title = {Bias in data-driven artificial intelligence systems - An introductory
survey},
 volume = {10},
 year = {2020}
}

@article{DBLP:journals/mima/LeeF21,
  author    = {Michelle Seng Ah Lee and
               Luciano Floridi},
  title     = {Algorithmic Fairness in Mortgage Lending: from Absolute Conditions
               to Relational Trade-offs},
  journal   = {Minds Mach.},
  volume    = {31},
  number    = {1},
  pages     = {165--191},
  year      = {2021}
}

@inproceedings{DBLP:conf/aies/BeutelCDQWLKBC19,
  author    = {Alex Beutel and
               Jilin Chen and
               Tulsee Doshi and
               Hai Qian and
               Allison Woodruff and
               Christine Luu and
               Pierre Kreitmann and
               Jonathan Bischof and
               Ed H. Chi},
  title     = {Putting Fairness Principles into Practice: Challenges, Metrics, and
               Improvements},
  booktitle = {{AIES}},
  pages     = {453--459},
  publisher = {{ACM}},
  year      = {2019}
}

@article{DBLP:journals/sigkdd/MakhloufZP21,
  author    = {Karima Makhlouf and
               Sami Zhioua and
               Catuscia Palamidessi},
  title     = {On the Applicability of Machine Learning Fairness Notions},
  journal   = {{SIGKDD} Explor.},
  volume    = {23},
  number    = {1},
  pages     = {14--23},
  year      = {2021}
}

@inproceedings{DBLP:conf/sigcse/FieslerGB20,
  author    = {Casey Fiesler and
               Natalie Garrett and
               Nathan Beard},
  title     = {What Do We Teach When We Teach Tech Ethics?: {A} Syllabi Analysis},
  booktitle = {{SIGCSE}},
  pages     = {289--295},
  publisher = {{ACM}},
  year      = {2020}
}

@article{DBLP:journals/corr/abs-2112-05700,
  author    = {Brianna Richardson and
               Juan E. Gilbert},
  title     = {A Framework for Fairness: {A} Systematic Review of Existing Fair {AI}
               Solutions},
  journal   = {CoRR},
  volume    = {abs/2112.05700},
  year      = {2021}
}

@article{DBLP:journals/ker/RomeiR14,
 author = {Andrea Romei and
Salvatore Ruggieri},
 journal = {Knowl. Eng. Rev.},
 number = {5},
 pages = {582--638},
 title = {A multidisciplinary survey on discrimination analysis},
 volume = {29},
 year = {2014}
}

@article{Eliot2021Identifying,
 author = {Eliot, Lance},
 journal = {MIT Computational Law Report},
 title = {Identifying a Set of Autonomous Levels for {AI}-Based Computational Legal Reasoning},
 year = {2021}
}

@article{Pah2022,
 author = {Pah, Adam and Schwartz, David and Sanga, Sarath and Alexander, Charlotte and Hammond, Kristian and Amaral, Luis and OKN Consortium, SCALES},
 journal = {AI Magazine},
 number = {1},
 pages = {69-74},
 title = {The Promise of {AI} in an Open Justice System},
 volume = {43},
 year = {2022}
}

@article{Berk2021,
 author = {Richard Berk and Hoda Heidari and Shahin Jabbari and Michael Kearns and Aaron Roth},
 journal = {Sociological Methods \& Research},
 number = {1},
 pages = {3-44},
 title = {Fairness in Criminal Justice Risk Assessments: The State of the Art},
 volume = {50},
 year = {2021}
}

@inproceedings{DBLP:conf/cui/EdwardsCP21,
 author = {Justin Edwards and
Leigh Clark and
Allison Perrone},
 booktitle = {{CUI}},
 pages = {2:1--2:4},
 publisher = {{ACM}},
 title = {LGBTQ-AI? Exploring Expressions of Gender and Sexual Orientation in
Chatbots},
 year = {2021}
}

@book{Fredman16,
 author = {{European Commission, Directorate-General for Justice and Consumers} and Sandra Fredman},
 publisher = {Publications Office},
 title = {Intersectional discrimination in
{EU} gender equality and
non-discrimination law},
 year = {2016}
}

@Inbook{Hao16,
author="Hao, Jianye
and Leung, Ho-fung",
title="Fairness in Cooperative Multiagent Systems",
bookTitle="Interactions in Multiagent Systems: Fairness, Social Optimality and Individual Rationality",
year="2016",
publisher="Springer Berlin Heidelberg",
address="Berlin, Heidelberg",
pages="27--70"
}
@article{JongTV08,
  author    = {Steven de Jong and
               Karl Tuyls and
               Katja Verbeeck},
  title     = {Fairness in multi-agent systems},
  journal   = {Knowl. Eng. Rev.},
  volume    = {23},
  number    = {2},
  pages     = {153--180},
  year      = {2008}
}

@book{Moulin04,
 author = {Hervé Moulin},
 publisher = {MIT press},
 title = {Fair division and collective welfare},
 year = {2004}
}
@book{Rawls,
 author = {John Rawls},
 publisher = {Harvard university press},
 title = {A theory of justice},
 year = {2009}
}
@book{Forrest21,
 author = {Katherine B. Forrest},
 publisher = {World Scientific},
 title = {When Machines Can Be Judge, Jury, and Executioner: {J}ustice the the Age of {A}rtificial {I}ntelligence},
 year = {2021}
}

@book{Susskind19,
 author = {Richard Susskind},
 publisher = {Oxford University Press},
 title = {Online Courts and the Future of Justice},
 year = {2019}
}

@book{Blank04,
 editor = {Rebecca M. Blank and Marilyn Dabady and Constance F. Citro},
 publisher = {National Academies Press},
 title = {Measuring Racial Discrimination - Panel on Methods for Assessing Discrimination},
 year = {2004}
}

@article{Case1995,
 author = {Case, Mary Anne C.},
 journal = {The Yale Law Journal},
 number = {1},
 pages = {1--105},
 title = {Disaggregating Gender from Sex and Sexual Orientation: {T}he Effeminate Man in the Law and Feminist Jurisprudence},
 volume = {105},
 year = {1995}
}

@Misc{multiple44,
  Title                    = {European Network Against Racism, {F}act Sheet 44: The legal implications of multiple discrimination},

  Author                   = {{ENAR}},
  url                     = {https://www.enar-eu.org/wp-content/uploads/fs44_-_the_legal_implications_of_multiple_discrimination_final_en.pdf},
  Year                     = {2011}
}


@misc{EUMultiple,
 author = {{European Commission}},
 note = {Directorate General for Employment, Social Affairs and Equal Opportunities, Unit G.4},
 url={http://ec.europa.eu/social/main.jsp?catId=738\&pubId=51},
 title = {Tackling multiple discrimination: {P}ractices, policies and laws},
 year = {2007}
}

@misc{Makkonen02,
 author = {Makkonen, T.},
 note = {Unpublished manuscript, Institute for Human Rights, Abo Alademi University},
 title = {Compound and Intersectional Discrimination: Bringing the experiences of the most marginalized to the fore},
 year = {2002}
}

@book{lehman2004west,
 author = {Lehman, Jeffrey and Phelps, Shirelle and others},
 publisher = {Thomson/Gale},
 title = {West's encyclopedia of American law},
 year = {2004}
}

@book{hill2002people,
 author = {Hill, Gerald N and Hill, Kathleen},
 publisher = {MJF Books},
 title = {The people's law dictionary: Taking the mystery out of legal language},
 year = {2002}
}

@article{d1992connection,
 author = {D'Amato, Anthony},
 journal = {UC Davis L. Rev.},
 pages = {527},
 publisher = {HeinOnline},
 title = {On the connection between law and justice},
 volume = {26},
 year = {1992}
}

@article{marjanovic2021theorising,
 author = {Marjanovic, Olivera and Cecez-Kecmanovic, Dubravka and Vidgen, Richard},
 journal = {European Journal of Information Systems},
 pages = {1--19},
 publisher = {Taylor \& Francis},
 title = {Theorising algorithmic justice},
 year = {2021}
}

@inproceedings{bussone2015role,
  author    = {Adrian Bussone and
               Simone Stumpf and
               Dympna O'Sullivan},
  title     = {The Role of Explanations on Trust and Reliance in Clinical Decision
               Support Systems},
  booktitle = {{ICHI}},
  pages     = {160--169},
  publisher = {{IEEE} Computer Society},
  year      = {2015}
}

@incollection{colquitt2015measuring,
 author = {Colquitt, Jason A and Rodell, Jessica B},
 publisher = {Oxford University Press},
 title = {Measuring justice and fairness},
 year = {2015},
 booktitle = {The Oxford handbook of justice in the workplace},
 pages = {187–202}
}


@incollection{RuggieriFairness,
 author = {Salvatore Ruggieri},
 publisher = {Edward Elgar Publishing Limited},
 title = {Algorithmic Fairness},
 year = {2022},
 booktitle = {Elgar Encyclopedia of Law and Data Science},
 note = {Chapter 5}
}

@article{Kroll2017,
	author    = {Joshua A. Kroll and Joanna Huey and Solon Barocas and Edward W. Felten and Joel R. Reidenberg and David G. Robinson and Harlan Yu},
	title     = {Accountable Algorithms},
	journal   = {U. of Penn. Law Review},
	volume    = {165},
	pages     = {633--705},
	year      = {2017}
}

@book{lind1988social,
 author = {Lind, E Allan and Tyler, Tom R},
 publisher = {Springer Science \& Business Media},
 title = {The social psychology of procedural justice},
 year = {1988}
}

@inproceedings{binns2018s,
  author    = {Reuben Binns and
               Max Van Kleek and
               Michael Veale and
               Ulrik Lyngs and
               Jun Zhao and
               Nigel Shadbolt},
  title     = {'It's Reducing a Human Being to a Percentage': Perceptions of Justice
               in Algorithmic Decisions},
  booktitle = {{CHI}},
  pages     = {377},
  publisher = {{ACM}},
  year      = {2018}
}

@book{rawls2020theory,
 author = {Rawls, John},
 booktitle = {A theory of justice},
 journal = {},
 title={A theory of justice},
 publisher = {Harvard university press},
 year = {2020}
}

@book{weinrib2012idea,
 author = {Weinrib, Ernest J},
 publisher = {Oxford University Press},
 title = {The idea of private law},
 year = {2012}
}

@book{sobel2015oxford,
 author = {Sobel, David and Vallentyne, Peter and Wall, Steven},
 publisher = {Oxford University Press},
 title = {Oxford Studies in Political Philosophy, Volume 1},
 year = {2015}
}

@misc{charter2007,
 author = {"European Parliament and the Council"},
 title = {Charter of Fundamental Rights of the European Union},
 year = {2007}
}

@article{blader2003four,
 author = {Blader, Steven L and Tyler, Tom R},
 journal = {Personality and social psychology bulletin},
 number = {6},
 pages = {747--758},
 publisher = {Sage Publications},
 title = {A four-component model of procedural justice: Defining the meaning of a “fair” process},
 volume = {29},
 year = {2003}
}

@article{lee2019procedural,
  author    = {Min Kyung Lee and
               Anuraag Jain and
               Hea Jin Cha and
               Shashank Ojha and
               Daniel Kusbit},
  title     = {Procedural Justice in Algorithmic Fairness: Leveraging Transparency
               and Outcome Control for Fair Algorithmic Mediation},
  journal   = {Proc. {ACM} Hum. Comput. Interact.},
  volume    = {3},
  number    = {{CSCW}},
  pages     = {182:1--182:26},
  year      = {2019}
}

@article{zavrvsnik2021algorithmic,
 author = {Zavr{\v{s}}nik, Ale{\v{s}}},
 journal = {European Journal of criminology},
 number = {5},
 pages = {623--642},
 publisher = {SAGE Publications Sage UK: London, England},
 title = {Algorithmic justice: Algorithms and big data in criminal justice settings},
 volume = {18},
 year = {2021}
}

@book{Morozov13,
 author = {Morozov, Evgeny},
 publisher = {London : Allen Lane},
 sn = {9781846145483},
 title = {To save everything, click here : technology, solutionism and the urge to fix problems that don't exist},
 year = {2013}
}

@article{Minhao2022,
 author = {Benjamin Minhao Chen and Alexander Stremitzer and Kevin Tobia},
 journal = {Harvard Journal of Law \& Technology},
 note = {Forthcoming},
 title = {Having Your Day in Robot Court},
 url = {https://ssrn.com/abstract=3841534},
 year = {2022}
}

@article{Taylor2017,
 author = {Linnet Taylor},
 journal = {Big Data \& Society},
 number = {2},
 title = {What is data justice? {T}he case for connecting digital rights and freedoms globally},
 volume = {4},
 year = {2017}
}

@misc{barocas2013,
 author = {Barocas, Solon and Hood, Sophie and Ziewitz, Malte},
 title = { Governing algorithms: {A} provocation piece},
 url = {https://ssrn.com/abstract=2245322},
 year = {2013}
}


@article{fraser2008abnormal,
 author = {Fraser, Nancy},
 journal = {Critical inquiry},
 number = {3},
 pages = {393--422},
 publisher = {The University of Chicago Press},
 title = {Abnormal justice},
 volume = {34},
 year = {2008}
}

@article{fraser2010injustice,
 author = {Fraser, Nancy},
 journal = {European journal of social theory},
 number = {3},
 pages = {363--371},
 publisher = {Sage Publications Sage UK: London, England},
 title = {Injustice at intersecting scales: On ‘social exclusion’and the ‘global poor’},
 volume = {13},
 year = {2010}
}

@incollection{sep-justice,
 author = {Miller, David},
 booktitle = {The {Stanford} Encyclopedia of Philosophy},
 edition = {{F}all 2021},
 editor = {Edward N. Zalta},
 howpublished = {\url{https://plato.stanford.edu/archives/fall2021/entries/justice/}},
 publisher = {Metaphysics Research Lab, Stanford University},
 title = {{Justice}},
 year = {2021}
}

@article{mokander2021EBA,
 author = {M{\"o}kander, Jakob and Morley, Jessica and Taddeo, Mariarosaria and Floridi, Luciano},
 journal = {Science and engineering ethics},
 number = {4},
 pages = {1--30},
 publisher = {Springer},
 title = {Ethics-based auditing of automated decision-making systems: Nature, scope, and limitations},
 volume = {27},
 year = {2021}
}

@article{assembly1948universal,
 author = {Assembly, {UN} General and others},
 journal = {{UN General Assembly}},
 number = {2},
 pages = {14--25},
 publisher = {New York, NY, USA},
 title = {Universal declaration of human rights},
 volume = {302},
 year = {1948}
}

@misc{africanunion,
 author = {{The African Union}},
 title = {{African Charter on Human and Peoples' Rights}},
 year = {1981}
}

@article{DBLP:journals/corr/abs-2203-11852,
 author = {Nima Shahbazi and
Yin Lin and
Abolfazl Asudeh and
H. V. Jagadish},
 journal = {CoRR},
 title = {A Survey on Techniques for Identifying and Resolving Representation
Bias in Data},
 volume = {abs/2203.11852},
 year = {2022}
}

@inproceedings{DBLP:conf/fat/De-ArteagaRWCBC19,
 author = {Maria De{-}Arteaga and
Alexey Romanov and
Hanna M. Wallach and
Jennifer T. Chayes and
Christian Borgs and
Alexandra Chouldechova and
Sahin Cem Geyik and
Krishnaram Kenthapadi and
Adam Tauman Kalai},
 booktitle = {{FAT}},
 pages = {120--128},
 publisher = {{ACM}},
 title = {Bias in Bios: {A} Case Study of Semantic Representation Bias in a
High-Stakes Setting},
 year = {2019}
}

@article{DBLP:journals/corr/abs-2111-03687,
 author = {Christopher L. Dancy and
P. Khalil Saucier},
 journal = {CoRR},
 title = {{AI} and Blackness: Towards moving beyond bias and representation},
 volume = {abs/2111.03687},
 year = {2021}
}

@article{DBLP:journals/jamia/KronkD20,
 author = {Clair A. Kronk and
Judith W. Dexheimer},
 journal = {J. Am. Medical Informatics Assoc.},
 number = {7},
 pages = {1110--1115},
 title = {Development of the Gender, Sex, and Sexual Orientation ontology: Evaluation
and workflow},
 volume = {27},
 year = {2020}
}

@misc{fra2015protection,
 author = {FRA},
 publisher = {European Union Agency for Fundamental Rights Vienna},
 title = {Protection Against Discrimination on Grounds of Sexual Orientation, Gender Identity and Sex Characteristics in the {EU}-Comparative Legal Analysis},
 year = {2015}
}

@misc{americanconvention,
 author = {Organization of American States},
 title = {{American Convention on Human Rights Pact of San Jose, Costa Rica (B-32)}},
 year = {1969}
}

@article{gerards2013discrimination,
 author = {Gerards, Janneke},
 journal = {Human Rights Law Review},
 number = {1},
 pages = {99--124},
 publisher = {Oxford University Press},
 title = {The discrimination grounds of article 14 of the European convention on Human Rights},
 volume = {13},
 year = {2013}
}

@generic{GDPR2016,
 author = {European Parliament and the Council},
 title = {Regulation (EU) 2016/679 on the protection of natural persons with regard to the processing of personal data and on the free movement of such data, and repealing Directive 95/46/EC (General Data Protection Regulation) (2016)},
 year = {2016}
}

@misc{CPRA,
 author = {California Statu Legislature and the Council},
 title = {California Consumer Privacy Act of 2018 [1798.100 - 1798.199.100]},
 year = {2018}
}

@misc{VCDPA,
 author = {Virginia Senate},
 title = {Virginia Consumer Data Protection Act},
 year = {Effective January 1, 2023}
}

@article{DBLP:journals/datamine/Zliobaite17,
  author    = {Indre Zliobaite},
  title     = {Measuring discrimination in algorithmic decision making},
  journal   = {Data Min. Knowl. Discov.},
  volume    = {31},
  number    = {4},
  pages     = {1060--1089},
  year      = {2017}
}

@article{vzliobaite2016using,
 author = {{\v{Z}}liobait{\.e}, Indr{\.e} and Custers, Bart},
 journal = {Artificial Intelligence and Law},
 number = {2},
 pages = {183--201},
 publisher = {Springer},
 title = {Using sensitive personal data may be necessary for avoiding discrimination in data-driven decision models},
 volume = {24},
 year = {2016}
}

@misc{aiact,
 author = {{European Parliament and the Council}},
 issue = {2021/0106(COD)},
 journal = {2021/0106(COD)},
 title = {Regulation of the European Parliament and of the Council laying down harmonised rules on {A}rtificial {I}ntelligence ({A}rtificial {I}ntelligence {A}ct) and amending certain Union legislative acts},
 year = {2021}
}

@article{xenidis2020tuning,
 author = {Xenidis, Raphaele},
 journal = {Maastricht Journal of European and Comparative Law},
 number = {6},
 pages = {736--758},
 publisher = {SAGE Publications Sage UK: London, England},
 title = {Tuning EU equality law to algorithmic discrimination: Three pathways to resilience},
 volume = {27},
 year = {2020}
}

@inproceedings{barocas2014data,
 author = {Barocas, Solon},
 booktitle = {Data Ethics Workshop, Conference on Knowledge Discovery and Data Mining},
 pages = {1--4},
 title = {Data mining and the discourse on discrimination},
 year = {2014}
}

@inproceedings{metcalf2021algorithmic,
 author = {Metcalf, Jacob and Moss, Emanuel and Watkins, Elizabeth Anne and Singh, Ranjit and Elish, Madeleine Clare},
 booktitle = {Proceedings of the 2021 ACM Conference on Fairness, Accountability, and Transparency},
 pages = {735--746},
 title = {Algorithmic impact assessments and accountability: The co-construction of impacts},
 year = {2021}
}

@phdthesis{buolamwini2017gender,
 author = {Buolamwini, Joy Adowaa},
 school = {Massachusetts Institute of Technology},
 title = {Gender shades: intersectional phenotypic and demographic evaluation of face datasets and gender classifiers},
 year = {2017}
}

@article{larson2016we,
 author = {Larson, Jeff and Mattu, Surya and Kirchner, Lauren and Angwin, Julia},
 journal = {ProPublica (5 2016)},
 number = {1},
 pages = {3--3},
 title = {How we analyzed the COMPAS recidivism algorithm},
 volume = {9},
 year = {2016}
}

@inproceedings{raji2020closing,
  author    = {Inioluwa Deborah Raji and
               Andrew Smart and
               Rebecca N. White and
               Margaret Mitchell and
               Timnit Gebru and
               Ben Hutchinson and
               Jamila Smith{-}Loud and
               Daniel Theron and
               Parker Barnes},
  title     = {Closing the {AI} accountability gap: defining an end-to-end framework
               for internal algorithmic auditing},
  booktitle = {FAT*},
  pages     = {33--44},
  publisher = {{ACM}},
  year      = {2020}
}
@online{algorithmwatch, 
    title = {Europeans can’t talk about racist AI systems. They lack the words},
    author = {Kayser-Bril, Nicolas },
    url = {https://algorithmwatch.org/en/europeans-cant-talk-about-racist-ai-systems-they-lack-the-words/},
    year = {2021}
}

@article{kaminski2020algorithmic,
 author = {Kaminski, Margot E and Malgieri, Gianclaudio},
 journal = {International Data Privacy Law},
 pages = {19--28},
 title = {Algorithmic impact assessments under the {GDPR}: Producing multi-layered explanations},
 year = {2020}
}

@article{casey2019rethinking,
 author = {Casey, Bryan and Farhangi, Ashkon and Vogl, Roland},
 journal = {Berkeley Tech. LJ},
 pages = {143},
 publisher = {HeinOnline},
 title = {Rethinking Explainable Machines: The GDPR's' Right to Explanation'Debate and the Rise of Algorithmic Audits in Enterprise},
 volume = {34},
 year = {2019}
}

@techreport{lovelace2020examining,
 author = {Lovelace, Ada and DataKind, UK},
 institution = {Technical report, AdaLovelace Institute},
 url={https://www.adalovelaceinstitute.org/report/examining-the-black-box-tools-for-assessing-algorithmic-systems/},
 title = {Examining the black box: Tools for assessing algorithmic systems},
 year = {2020}
}

@article{kazim2021ai,
 author = {Kazim, Emre and Denny, Danielle Mendes Thame and Koshiyama, Adriano},
 journal = {AI and Ethics},
 number = {3},
 pages = {301--310},
 publisher = {Springer},
 title = {AI auditing and impact assessment: according to the UK information commissioner’s office},
 volume = {1},
 year = {2021}
}

@inproceedings{cobbe2021reviewable_fairness,
  title={Reviewable automated decision-making: A framework for accountable algorithmic systems},
  author={Cobbe, Jennifer and Lee, Michelle Seng Ah and Singh, Jatinder},
  booktitle={Proceedings of the 2021 ACM Conference on Fairness, Accountability, and Transparency},
  pages={598--609},
  year={2021}
}

@book{nozick1974anarchy,
 author = {Nozick, Robert},
 publisher = {new york: Basic Books},
 title = {Anarchy, state, and utopia},
 volume = {5038},
 year = {1974}
}

@book{hirose2014egalitarianism,
 author = {Hirose, Iwao},
 publisher = {Routledge},
 title = {Egalitarianism},
 year = {2014}
}

@article{wolff2010fairness,
 author = {Wolff, Jonathan},
 journal = {The Journal of Ethics},
 number = {3},
 pages = {335--350},
 publisher = {Springer},
 title = {Fairness, respect and the egalitarian ethos revisited},
 volume = {14},
 year = {2010}
}

@article{anderson1999point,
 author = {Anderson, Elizabeth S},
 journal = {Ethics},
 number = {2},
 pages = {287--337},
 publisher = {The University of Chicago Press},
 title = {What is the Point of Equality?},
 volume = {109},
 year = {1999}
}

@article{rawls1993political,
 author = {Rawls, John},
 journal = {The John Dewey essays in philosophy},
 publisher = {Columbia Univ. Press},
 title = {Political liberalism},
 year = {1993}
}

@incollection{moriarty2018desert,
 author = {Moriarty, Jeffrey},
 booktitle = {The Oxford handbook of distributive justice},
 pages = {152--175},
 publisher = {Oxford University Press New York},
 title = {Desert-based justice},
 year = {2018}
}

@article{brock2018sufficiency,
 author = {Brock, Gillian},
 journal = {The Oxford Handbook of Distributive Justice},
 pages = {86--108},
 publisher = {Oxford University Press Oxford, England},
 title = {Sufficiency and needs-based approaches},
 year = {2018}
}

@article{kuppler2021distributive,
 author = {Kuppler, Matthias and Kern, Christoph and Bach, Ruben L and Kreuter, Frauke},
 journal = {arXiv preprint arXiv:2105.01441},
 title = {Distributive justice and fairness metrics in automated decision-making: How much overlap is there?},
 url = {https://arxiv.org/abs/2105.01441},
 year = {2021}
}

@article{ripstein2003division,
 author = {Ripstein, Arthur},
 journal = {Fordham L. Rev.},
 pages = {1811},
 publisher = {HeinOnline},
 title = {The division of responsibility and the law of tort},
 volume = {72},
 year = {2003}
}

@article{walt2006eliminating,
 author = {Walt, Steven},
 journal = {Va. L. Rev.},
 pages = {1311},
 publisher = {HeinOnline},
 title = {Eliminating Corrective Justice},
 volume = {92},
 year = {2006}
}

@incollection{sep-justice-retributive,
 author = {Walen, Alec},
 booktitle = {The {Stanford} Encyclopedia of Philosophy},
 edition = {{S}ummer 2021},
 editor = {Edward N. Zalta},
 howpublished = {\url{https://plato.stanford.edu/archives/sum2021/entries/justice-retributive/}},
 publisher = {Metaphysics Research Lab, Stanford University},
 title = {{Retributive Justice}},
 year = {2021}
}

@article{meyerson2018procedural,
 author = {Meyerson, Denise and Mackenzie, Catriona},
 journal = {Philosophy Compass},
 number = {12},
 pages = {e12548},
 publisher = {Wiley Online Library},
 title = {Procedural justice and the law},
 volume = {13},
 year = {2018}
}

@book{rawls2001justice,
 author = {Rawls, John},
 publisher = {Harvard University Press},
 title = {Justice as fairness: A restatement},
 year = {2001}
}

@article{Loi2021,
 author = {Loi, Michele and Christen, Markus},
 journal = {Philosophy \& Technology},
 number = {4},
 pages = {967--992},
 publisher = {Springer},
 title = {Choosing how to discriminate: navigating ethical trade-offs in fair algorithmic design for the insurance sector},
 volume = {34},
 year = {2021}
}

@article{DBLP:journals/aiethics/LeeFS21,
 author = {Michelle Seng Ah Lee and
Luciano Floridi and
Jatinder Singh},
 journal = {{AI} Ethics},
 number = {4},
 pages = {529--544},
 title = {Formalising trade-offs beyond algorithmic fairness: lessons from ethical
philosophy and welfare economics},
 volume = {1},
 year = {2021}
}

@article{kozodoi2022fairness,
 author = {Kozodoi, Nikita and Jacob, Johannes and Lessmann, Stefan},
 journal = {European Journal of Operational Research},
 number = {3},
 pages = {1083--1094},
 publisher = {Elsevier},
 title = {Fairness in credit scoring: Assessment, implementation and profit implications},
 volume = {297},
 year = {2022}
}

@article{liang2021algorithmic,
 author = {Liang, Annie and Lu, Jay and Mu, Xiaosheng},
 journal = {arXiv preprint arXiv:2112.09975},
 title = {Algorithmic Design: Fairness Versus Accuracy},
 url = {https://arxiv.org/abs/2112.09975},
 year = {2021}
}

@article{wei2020fairness,
 author = {Wei, Susan and Niethammer, Marc},
 journal = {Statistical Analysis and Data Mining: The ASA Data Science Journal},
 publisher = {Wiley Online Library},
 title = {The fairness-accuracy Pareto front},
 year = {2020}
}

@article{xiang2022being,
 author = {Xiang, Alice},
 journal = {Harvard Journal of Law \& Technology, Forthcoming},
 title = {Being'Seen'vs.'Mis-Seen': Tensions between Privacy and Fairness in Computer Vision},
 year = {2022}
}

@inproceedings{chester2020balancing,
 author = {Chester, Andrew and Koh, Yun Sing and Wicker, J{\"o}rg and Sun, Quan and Lee, Junjae},
 booktitle = {2020 IEEE Symposium Series on Computational Intelligence (SSCI)},
 organization = {IEEE},
 pages = {1226--1233},
 title = {Balancing utility and fairness against privacy in medical data},
 year = {2020}
}

@book{lippert2013born,
 author = {Lippert-Rasmussen, Kasper},
 publisher = {Oxford University Press},
 title = {Born free and equal?: A philosophical inquiry into the nature of discrimination},
 year = {2013}
}

@incollection{scanlon2009moral,
 author = {Scanlon, Thomas M},
 booktitle = {Moral Dimensions},
 publisher = {Harvard University Press},
 title = {Moral dimensions},
 year = {2009}
}

@incollection{palmer2007insurance,
 author = {Palmer, Daniel E},
 booktitle = {Insurance ethics for a more ethical world},
 publisher = {Emerald Group Publishing Limited},
 title = {Insurance, risk assessment and fairness: An ethical analysis},
 year = {2007}
}

@article{lippert2007nothing,
 author = {Lippert-Rasmussen, Kasper},
 journal = {Journal of Political Philosophy},
 number = {4},
 pages = {385--403},
 publisher = {Wiley Online Library},
 title = {Nothing personal: On statistical discrimination},
 volume = {15},
 year = {2007}
}

@article{loi2021transparency,
 author = {Loi, Michele and Ferrario, Andrea and Vigan{\`o}, Eleonora},
 journal = {Ethics and Information Technology},
 number = {3},
 pages = {253--263},
 publisher = {Springer},
 title = {Transparency as design publicity: explaining and justifying inscrutable algorithms},
 volume = {23},
 year = {2021}
}

@article{brennan2018correctional,
 author = {Brennan, Tim and Dieterich, William},
 journal = {Handbook of Recidivism Risk/Needs Assessment Tools (2018)},
 title = {Correctional offender management profiles for alternative sanctions (COMPAS)},
 volume = {49},
 year = {2018}
}

@article{alikhademi2021review,
 author = {Alikhademi, Kiana and Drobina, Emma and Prioleau, Diandra and Richardson, Brianna and Purves, Duncan and Gilbert, Juan E},
 journal = {Artificial Intelligence and Law},
 pages = {1--17},
 publisher = {Springer},
 title = {A review of predictive policing from the perspective of fairness},
 year = {2021}
}

@article{kodiyan2019overview,
 author = {Kodiyan, Akhil Alfons},
 journal = {Researchgate Preprint},
 title = {An overview of ethical issues in using AI systems in hiring with a case study of Amazon’s AI based hiring tool},
 year = {2019}
}

@incollection{tommasi2017deeper,
 author = {Tommasi, Tatiana and Patricia, Novi and Caputo, Barbara and Tuytelaars, Tinne},
 booktitle = {Domain adaptation in computer vision applications},
 pages = {37--55},
 publisher = {Springer},
 title = {A deeper look at dataset bias},
 year = {2017}
}

@article{mulligan2019thing,
 author = {Mulligan, Deirdre K and Kroll, Joshua A and Kohli, Nitin and Wong, Richmond Y},
 journal = {Proceedings of the ACM on Human-Computer Interaction},
 number = {CSCW},
 pages = {1--36},
 publisher = {ACM New York, NY, USA},
 title = {This thing called fairness: Disciplinary confusion realizing a value in technology},
 volume = {3},
 year = {2019}
}

@inproceedings{john2020verifying,
  author    = {Philips George John and
               Deepak Vijaykeerthy and
               Diptikalyan Saha},
  title     = {Verifying Individual Fairness in Machine Learning Models},
  booktitle = {{UAI}},
  series    = {Proceedings of Machine Learning Research},
  volume    = {124},
  pages     = {749--758},
  publisher = {{AUAI} Press},
  year      = {2020}
}

@inproceedings{biega2018equity,
  author    = {Asia J. Biega and
               Krishna P. Gummadi and
               Gerhard Weikum},
  title     = {Equity of Attention: Amortizing Individual Fairness in Rankings},
  booktitle = {{SIGIR}},
  pages     = {405--414},
  publisher = {{ACM}},
  year      = {2018}
}

@inproceedings{DBLP:conf/iconference/TachevaNA22,
  author    = {Jasmina Tacheva and
               Sepideh Namvarrad and
               Najla Almissalati},
  title     = {A Higher Purpose: Towards a Social Justice Informatics Research Framework},
  booktitle = {iConference {(1)}},
  series    = {Lecture Notes in Computer Science},
  volume    = {13192},
  pages     = {265--271},
  publisher = {Springer},
  year      = {2022}
}

@Misc{lgb2011,
  Title                    = {Guidelines for Psychological Practice with Lesbian, Gay, and Bisexual Clients},

  Author                   = {{American Psychological Association}},
  url                     = {http://www.apa.org/pi/lgbt/resources/guidelines.aspx},
  Year                     = {2011},

  __markedentry            = {[ruggieri:]},
  Owner                    = {ruggieri},
  Timestamp                = {2016.05.05}
}

@article{kamiran2013quantifying,
  author    = {Faisal Kamiran and
               Indre Zliobaite and
               Toon Calders},
  title     = {Quantifying explainable discrimination and removing illegal discrimination
               in automated decision making},
  journal   = {Knowl. Inf. Syst.},
  volume    = {35},
  number    = {3},
  pages     = {613--644},
  year      = {2013}
}

@article{cheng2020group,
 author = {Cheng, Yu and Jiang, Zhihao and Munagala, Kamesh and Wang, Kangning},
 journal = {ACM Transactions on Economics and Computation (TEAC)},
 number = {4},
 pages = {1--18},
 publisher = {ACM New York, NY, USA},
 title = {Group fairness in committee selection},
 volume = {8},
 year = {2020}
}

@inproceedings{conitzer2019group,
  author    = {Vincent Conitzer and
               Rupert Freeman and
               Nisarg Shah and
               Jennifer Wortman Vaughan},
  title     = {Group Fairness for the Allocation of Indivisible Goods},
  booktitle = {{AAAI}},
  pages     = {1853--1860},
  publisher = {{AAAI} Press},
  year      = {2019}
}

@inproceedings{liu2018delayed,
  author    = {Lydia T. Liu and
               Sarah Dean and
               Esther Rolf and
               Max Simchowitz and
               Moritz Hardt},
  title     = {Delayed Impact of Fair Machine Learning},
  booktitle = {{IJCAI}},
  pages     = {6196--6200},
  publisher = {ijcai.org},
  year      = {2019}
}

@article{d2017conscientious,
 author = {d'Alessandro, Brian and O'Neil, Cathy and LaGatta, Tom},
 journal = {Big data},
 number = {2},
 pages = {120--134},
 publisher = {Mary Ann Liebert, Inc. 140 Huguenot Street, 3rd Floor New Rochelle, NY 10801 USA},
 title = {Conscientious classification: A data scientist's guide to discrimination-aware classification},
 volume = {5},
 year = {2017}
}

@article{caton2020fairness,
 author = {Caton, Simon and Haas, Christian},
 journal = {arXiv preprint arXiv:2010.04053},
 title = {Fairness in machine learning: A survey},
 url = {https://arxiv.org/abs/2010.04053},
 year = {2020}
}

@inproceedings{zemel2013learning,
  author    = {Richard S. Zemel and
               Yu Wu and
               Kevin Swersky and
               Toniann Pitassi and
               Cynthia Dwork},
  title     = {Learning Fair Representations},
  booktitle = {{ICML} {(3)}},
  series    = {{JMLR} Workshop and Conference Proceedings},
  volume    = {28},
  pages     = {325--333},
  publisher = {JMLR.org},
  year      = {2013}
}

@article{bellamy2018ai,
  author    = {Rachel K. E. Bellamy and
               Kuntal Dey and
               Michael Hind and
               Samuel C. Hoffman and
               Stephanie Houde and
               Kalapriya Kannan and
               Pranay Lohia and
               Jacquelyn Martino and
               Sameep Mehta and
               Aleksandra Mojsilovic and
               Seema Nagar and
               Karthikeyan Natesan Ramamurthy and
               John T. Richards and
               Diptikalyan Saha and
               Prasanna Sattigeri and
               Moninder Singh and
               Kush R. Varshney and
               Yunfeng Zhang},
  title     = {{AI} Fairness 360: An extensible toolkit for detecting and mitigating
               algorithmic bias},
  journal   = {{IBM} J. Res. Dev.},
  volume    = {63},
  number    = {4/5},
  pages     = {4:1--4:15},
  year      = {2019}
}

@article{berk2017convex,
  author    = {Richard Berk and
               Hoda Heidari and
               Shahin Jabbari and
               Matthew Joseph and
               Michael J. Kearns and
               Jamie Morgenstern and
               Seth Neel and
               Aaron Roth},
  title     = {A Convex Framework for Fair Regression},
  journal   = {CoRR},
  volume    = {abs/1706.02409},
  year      = {2017}
}

@inproceedings{lahoti2020fairness,
  author    = {Preethi Lahoti and
               Alex Beutel and
               Jilin Chen and
               Kang Lee and
               Flavien Prost and
               Nithum Thain and
               Xuezhi Wang and
               Ed H. Chi},
  title     = {Fairness without Demographics through Adversarially Reweighted Learning},
  booktitle = {NeurIPS},
  year      = {2020}
}

@inproceedings{kuhlman2019fare,
  author    = {Caitlin Kuhlman and
               MaryAnn Van Valkenburg and
               Elke A. Rundensteiner},
  title     = {{FARE:} Diagnostics for Fair Ranking using Pairwise Error Metrics},
  booktitle = {{WWW}},
  pages     = {2936--2942},
  publisher = {{ACM}},
  year      = {2019}
}

@inproceedings{fish2016confidence,
  author    = {Benjamin Fish and
               Jeremy Kun and
               {\'{A}}d{\'{a}}m D{\'{a}}niel Lelkes},
  title     = {A Confidence-Based Approach for Balancing Fairness and Accuracy},
  booktitle = {{SDM}},
  pages     = {144--152},
  publisher = {{SIAM}},
  year      = {2016}
}

@inproceedings{beutel2019fairness,
  author    = {Alex Beutel and
               Jilin Chen and
               Tulsee Doshi and
               Hai Qian and
               Li Wei and
               Yi Wu and
               Lukasz Heldt and
               Zhe Zhao and
               Lichan Hong and
               Ed H. Chi and
               Cristos Goodrow},
  title     = {Fairness in Recommendation Ranking through Pairwise Comparisons},
  booktitle = {{KDD}},
  pages     = {2212--2220},
  publisher = {{ACM}},
  year      = {2019}
}

@inproceedings{slack2020fairness,
  author    = {Dylan Slack and
               Sorelle A. Friedler and
               Emile Givental},
  title     = {Fairness warnings and fair-{MAML}: learning fairly with minimal data},
  booktitle = {FAT*},
  pages     = {200--209},
  publisher = {{ACM}},
  year      = {2020}
}

@inproceedings{beutel2019putting,
  author    = {Alex Beutel and
               Jilin Chen and
               Tulsee Doshi and
               Hai Qian and
               Allison Woodruff and
               Christine Luu and
               Pierre Kreitmann and
               Jonathan Bischof and
               Ed H. Chi},
  title     = {Putting Fairness Principles into Practice: Challenges, Metrics, and
               Improvements},
  booktitle = {{AIES}},
  pages     = {453--459},
  publisher = {{ACM}},
  year      = {2019}
}

@inproceedings{wang2021fair,
  author    = {Jialu Wang and
               Yang Liu and
               Caleb C. Levy},
  title     = {Fair Classification with Group-Dependent Label Noise},
  booktitle = {FAccT},
  pages     = {526--536},
  publisher = {{ACM}},
  year      = {2021}
}

@inproceedings{dwork2018decoupled,
  author    = {Cynthia Dwork and
               Nicole Immorlica and
               Adam Tauman Kalai and
               Mark D. M. Leiserson},
  title     = {Decoupled Classifiers for Group-Fair and Efficient Machine Learning},
  booktitle = {{FAT}},
  series    = {Proceedings of Machine Learning Research},
  volume    = {81},
  pages     = {119--133},
  publisher = {{PMLR}},
  year      = {2018}
}

@inproceedings{louizos2015variational,
  author    = {Christos Louizos and
               Kevin Swersky and
               Yujia Li and
               Max Welling and
               Richard S. Zemel},
  title     = {The Variational Fair Autoencoder},
  booktitle = {{ICLR}},
  year      = {2016}
}

@inproceedings{mehrotra2021mitigating,
  author    = {Anay Mehrotra and
               L. Elisa Celis},
  title     = {Mitigating Bias in Set Selection with Noisy Protected Attributes},
  booktitle = {FAccT},
  pages     = {237--248},
  publisher = {{ACM}},
  year      = {2021}
}

@inproceedings{madras2018learning,
  author    = {David Madras and
               Elliot Creager and
               Toniann Pitassi and
               Richard S. Zemel},
  title     = {Learning Adversarially Fair and Transferable Representations},
  booktitle = {{ICML}},
  series    = {Proceedings of Machine Learning Research},
  volume    = {80},
  pages     = {3381--3390},
  publisher = {{PMLR}},
  year      = {2018}
}

@article{loftus2018causal,
 author = {Loftus, Joshua R and Russell, Chris and Kusner, Matt J and Silva, Ricardo},
 journal = {arXiv preprint arXiv:1805.05859},
 title = {Causal reasoning for algorithmic fairness},
 url = {https://arxiv.org/abs/1805.05859},
 year = {2018}
}

@inproceedings{nabi2019learning,
  author    = {Razieh Nabi and
               Daniel Malinsky and
               Ilya Shpitser},
  title     = {Learning Optimal Fair Policies},
  booktitle = {{ICML}},
  series    = {Proceedings of Machine Learning Research},
  volume    = {97},
  pages     = {4674--4682},
  publisher = {{PMLR}},
  year      = {2019}
}

@inproceedings{kasirzadeh2021use,
  author    = {Atoosa Kasirzadeh and
               Andrew Smart},
  title     = {The Use and Misuse of Counterfactuals in Ethical Machine Learning},
  booktitle = {FAccT},
  pages     = {228--236},
  publisher = {{ACM}},
  year      = {2021}
}

@inproceedings{lohia2019bias,
  author    = {Pranay Kr. Lohia and
               Karthikeyan Natesan Ramamurthy and
               Manish Bhide and
               Diptikalyan Saha and
               Kush R. Varshney and
               Ruchir Puri},
  title     = {Bias Mitigation Post-processing for Individual and Group Fairness},
  booktitle = {{ICASSP}},
  pages     = {2847--2851},
  publisher = {{IEEE}},
  year      = {2019}
}

@article{petersen2021post,
 author = {Petersen, Felix and Mukherjee, Debarghya and Sun, Yuekai and Yurochkin, Mikhail},
 journal = {Advances in Neural Information Processing Systems},
 title = {Post-processing for Individual Fairness},
 volume = {34},
 year = {2021}
}

@inproceedings{kim2019multiaccuracy,
 author = {Kim, Michael P and Ghorbani, Amirata and Zou, James},
 booktitle = {Proceedings of the 2019 AAAI/ACM Conference on AI, Ethics, and Society},
 pages = {247--254},
 title = {Multiaccuracy: Black-box post-processing for fairness in classification},
 year = {2019}
}

@article{mokander2021conformity,
 author = {M{\"o}kander, Jakob and Axente, Maria and Casolari, Federico and Floridi, Luciano},
 journal = {Minds and Machines},
 pages = {1--28},
 publisher = {Springer},
 title = {Conformity assessments and post-market monitoring: a guide to the role of auditing in the proposed European AI Regulation},
 year = {2021}
}

@article{mokander2021ethics,
 author = {M{\"o}kander, Jakob and Floridi, Luciano},
 journal = {Minds and Machines},
 number = {2},
 pages = {323--327},
 publisher = {Springer},
 title = {Ethics-based auditing to develop trustworthy AI},
 volume = {31},
 year = {2021}
}

@article{munoko2020ethical,
 author = {Munoko, Ivy and Brown-Liburd, Helen L and Vasarhelyi, Miklos},
 journal = {Journal of Business Ethics},
 number = {2},
 pages = {209--234},
 publisher = {Springer},
 title = {The ethical implications of using artificial intelligence in auditing},
 volume = {167},
 year = {2020}
}

@article{gebru2021datasheets,
 author = {Gebru, Timnit and Morgenstern, Jamie and Vecchione, Briana and Vaughan, Jennifer Wortman and Wallach, Hanna and Iii, Hal Daum{\'e} and Crawford, Kate},
 journal = {Communications of the ACM},
 number = {12},
 pages = {86--92},
 publisher = {ACM New York, NY, USA},
 title = {Datasheets for datasets},
 volume = {64},
 year = {2021}
}

@inproceedings{DBLP:conf/eaamo/VecchioneLB21,
 author = {Briana Vecchione and
Karen Levy and
Solon Barocas},
 booktitle = {{EAAMO}},
 pages = {19:1--19:9},
 publisher = {{ACM}},
 title = {Algorithmic Auditing and Social Justice: Lessons from the History
of Audit Studies},
 year = {2021}
}

@article{boyd2021datasheets,
 author = {Boyd, Karen L},
 journal = {Proceedings of the ACM on Human-Computer Interaction},
 number = {CSCW2},
 pages = {1--27},
 publisher = {ACM New York, NY, USA},
 title = {Datasheets for Datasets help ML Engineers Notice and Understand Ethical Issues in Training Data},
 volume = {5},
 year = {2021}
}

@article{lacroix2022metaethical,
 author = {LaCroix, Travis and Luccioni, Alexandra Sasha},
 journal = {arXiv preprint arXiv:2204.05151},
 title = {Metaethical Perspectives on'Benchmarking'AI Ethics},
 url = {https://arxiv.org/abs/2204.05151},
 year = {2022}
}

@article{minkkinen2022investors,
 author = {Minkkinen, Matti and Niukkanen, Anniina and M{\"a}ntym{\"a}ki, Matti},
 journal = {AI \& SOCIETY},
 pages = {1--15},
 publisher = {Springer},
 title = {What about investors? {ESG} analyses as tools for ethics-based {AI} auditing},
 year = {2022}
}

@inproceedings{lee2021landscape,
  author    = {Michelle Seng Ah Lee and
               Jatinder Singh},
  title     = {The Landscape and Gaps in Open Source Fairness Toolkits},
  booktitle = {{CHI}},
  pages     = {699:1--699:13},
  publisher = {{ACM}},
  year      = {2021}
}

@article{koshiyama2021towards,
 author = {Koshiyama, Adriano and Kazim, Emre and Treleaven, Philip and Rai, Pete and Szpruch, Lukasz and Pavey, Giles and Ahamat, Ghazi and Leutner, Franziska and Goebel, Randy and Knight, Andrew and others},
 journal = {SSRN Electronic Journal},
 title = {Towards algorithm auditing: A survey on managing legal, ethical and technological risks of {AI}, {ML} and associated algorithms},
 year = {2021}
}

@article{metaxa2021auditing,
 author = {Metaxa, Dana{\"e} and Park, Joon Sung and Robertson, Ronald E and Karahalios, Karrie and Wilson, Christo and Hancock, Jeff and Sandvig, Christian and others},
 journal = {Foundations and Trends{\textregistered} in Human--Computer Interaction},
 number = {4},
 pages = {272--344},
 publisher = {Now Publishers, Inc.},
 title = {Auditing algorithms: Understanding algorithmic systems from the outside in},
 volume = {14},
 year = {2021}
}

@article{kwee2021responsible,
 author = {Kwee, Zenlin and Yaghmaei, Emad and Flipse, Steven},
 journal = {Journal of Responsible Technology},
 pages = {100008},
 publisher = {Elsevier},
 title = {Responsible research and innovation in practice an exploratory assessment of Key Performance Indicators (KPIs) in a Nanomedicine Project},
 volume = {5},
 year = {2021}
}

@article{zicari2021z,
 author = {Zicari, Roberto V and Brodersen, John and Brusseau, James and D{\"u}dder, Boris and Eichhorn, Timo and Ivanov, Todor and Kararigas, Georgios and Kringen, Pedro and McCullough, Melissa and M{\"o}slein, Florian and others},
 journal = {IEEE Transactions on Technology and Society},
 number = {2},
 pages = {83--97},
 publisher = {IEEE},
 title = {Z-Inspection{\textregistered}: a process to assess trustworthy {AI}},
 volume = {2},
 year = {2021}
}

@article{zicari2021assessing,
 author = {Zicari, Roberto V and Brusseau, James and Blomberg, Stig Nikolaj and Christensen, Helle Collatz and Coffee, Megan and Ganapini, Marianna B and Gerke, Sara and Gilbert, Thomas Krendl and Hickman, Eleanore and Hildt, Elisabeth and others},
 journal = {Frontiers in Human Dynamics},
 pages = {30},
 publisher = {Frontiers},
 title = {On assessing trustworthy AI in healthcare. Machine learning as a supportive tool to recognize cardiac arrest in emergency calls},
 year = {2021}
}

@inproceedings{smuha2019ethics,
 author = {Smuha, Nathalie},
 booktitle = {Computer Law Review International},
 volume={20},
 pages={97-106},
 title = {{The EU approach to ethics guidelines for trustworthy Artificial Intelligence}},
 year = {2019}
}


@article{issa2016research,
 author = {Issa, Hussein and Sun, Ting and Vasarhelyi, Miklos A},
 journal = {Journal of Emerging Technologies in Accounting},
 number = {2},
 pages = {1--20},
 publisher = {American Accounting Association},
 title = {Research ideas for artificial intelligence in auditing: The formalization of audit and workforce supplementation},
 volume = {13},
 year = {2016}
}

@article{samantha2019we,
 author = {Samantha Bowling CPA, CGMA and Meyer, Cheryl},
 journal = {Journal of Accountancy},
 number = {5},
 pages = {26--28},
 publisher = {American Institute of Certified Public Accountants},
 title = {How we successfully implemented {AI} in audit},
 volume = {227},
 year = {2019}
}

@inproceedings{sanad2021financial,
 author = {Sanad, Zakeya and Al-Sartawi, Abdalmuttaleb},
 booktitle = {European, Asian, Middle Eastern, North African Conference on Management \& Information Systems},
 organization = {Springer},
 pages = {407--414},
 title = {Financial statements fraud and data mining: a review},
 year = {2021}
}

@article{khan2022fraud,
 author = {Khan, Ameer Tamoor and Cao, Xinwei and Li, Shuai and Katsikis, Vasilios N and Brajevic, Ivona and Stanimirovic, Predrag S},
 journal = {Expert Systems with Applications},
 pages = {116148},
 publisher = {Elsevier},
 title = {Fraud detection in publicly traded US firms using Beetle Antennae Search: A machine learning approach},
 volume = {191},
 year = {2022}
}

@article{albizri2019evaluation,
 author = {Albizri, Abdullah and Appelbaum, Deniz and Rizzotto, Nicholas},
 journal = {International Journal of Disclosure and Governance},
 number = {4},
 pages = {206--241},
 publisher = {Springer},
 title = {Evaluation of financial statements fraud detection research: a multi-disciplinary analysis},
 volume = {16},
 year = {2019}
}

@article{gotthardt2020current,
 author = {Gotthardt, Max and Koivulaakso, Dan and Paksoy, Okyanus and Saramo, Cornelius and Martikainen, Minna and Lehner, Othmar and others},
 journal = {ACRN Journal of Finance and Risk Perspectives},
 title = {Current state and challenges in the implementation of smart robotic process automation in accounting and auditing},
 year = {2020}
}

@article{ucoglu2021current,
 author = {Ucoglu, Derya},
 journal = {PressAcademia Procedia},
 number = {1},
 pages = {1--7},
 title = {Current Machine Learning Applications in Accounting and Auditing},
 volume = {12},
 year = {2021}
}

@article{clifford2018data,
 author = {Clifford, Damian and Ausloos, Jef},
 journal = {Yearbook of European Law},
 pages = {130--187},
 publisher = {Oxford Academic},
 title = {Data protection and the role of fairness},
 volume = {37},
 year = {2018}
}

@inproceedings{kearns2018preventing,
  author    = {Michael J. Kearns and
               Seth Neel and
               Aaron Roth and
               Zhiwei Steven Wu},
  title     = {Preventing Fairness Gerrymandering: Auditing and Learning for Subgroup
               Fairness},
  booktitle = {{ICML}},
  series    = {Proceedings of Machine Learning Research},
  volume    = {80},
  pages     = {2569--2577},
  publisher = {{PMLR}},
  year      = {2018}
}

@article{gajane2017formalizing,
 author = {Gajane, Pratik and Pechenizkiy, Mykola},
 journal = {arXiv preprint arXiv:1710.03184},
 title = {On formalizing fairness in prediction with machine learning},
 url = {https://arxiv.org/abs/1710.03184},
 year = {2017}
}

@article{ruf2020active,
 author = {Ruf, Boris and Detyniecki, Marcin},
 journal = {arXiv preprint arXiv:2009.06251},
 title = {Active Fairness Instead of Unawareness},
 url = {https://arxiv.org/abs/2009.06251},
 year = {2020}
}

@article{hellstrom2020bias,
 author = {Hellstr{\"o}m, Thomas and Dignum, Virginia and Bensch, Suna},
 journal = {arXiv preprint arXiv:2004.00686},
 title = {Bias in Machine Learning--What is it Good for?},
 url = {https://arxiv.org/abs/2004.00686},
 year = {2020}
}

@article{campolo2018ai,
 author = {Campolo, A and Sanfilippo, M and Whittaker, M and Crawford, K},
 journal = {{AI} Now Institute at New York University},
 title = {ai now 2017 symposium and workshop},
 year = {2018}
}

@inproceedings{nadeem2020stereoset,
  author    = {Moin Nadeem and
               Anna Bethke and
               Siva Reddy},
  title     = {StereoSet: Measuring stereotypical bias in pretrained language models},
  booktitle = {{ACL/IJCNLP} {(1)}},
  pages     = {5356--5371},
  publisher = {Association for Computational Linguistics},
  year      = {2021}
}

@book{grother2014face,
 author = {Grother, Patrick J and Grother, Patrick J and Ngan, Mei},
 publisher = {US Department of Commerce, National Institute of Standards and Technology},
 title = {Face recognition vendor test (frvt)},
 year = {2014}
}

@inproceedings{dwork2012fairness,
 author = {Dwork, Cynthia and Hardt, Moritz and Pitassi, Toniann and Reingold, Omer and Zemel, Richard},
 booktitle = {Proceedings of the 3rd innovations in theoretical computer science conference},
 date-added = {2020-02-27 21:20:11 +0400},
 date-modified = {2020-02-27 21:20:11 +0400},
 pages = {214--226},
 title = {Fairness through awareness},
 year = {2012}
}

@inproceedings{corbett2017algorithmic,
  author    = {Sam Corbett{-}Davies and
               Emma Pierson and
               Avi Feller and
               Sharad Goel and
               Aziz Huq},
  title     = {Algorithmic Decision Making and the Cost of Fairness},
  booktitle = {{KDD}},
  pages     = {797--806},
  publisher = {{ACM}},
  year      = {2017}
}

@inproceedings{hardt2016equality,
  author    = {Moritz Hardt and
               Eric Price and
               Nati Srebro},
  title     = {Equality of Opportunity in Supervised Learning},
  booktitle = {{NIPS}},
  pages     = {3315--3323},
  year      = {2016}
}

@article{wachter2020bias,
 author = {Wachter, Sandra and Mittelstadt, Brent and Russell, Chris},
 journal = {W. Va. L. Rev.},
 pages = {735},
 publisher = {HeinOnline},
 title = {Bias preservation in machine learning: the legality of fairness metrics under EU non-discrimination law},
 volume = {123},
 year = {2020}
}


@article{berk2018fairness,
 author = {Berk, Richard and Heidari, Hoda and Jabbari, Shahin and Kearns, Michael and Roth, Aaron},
 date-added = {2020-02-27 21:45:22 +0400},
 date-modified = {2020-02-27 21:45:22 +0400},
 journal = {Sociological Methods \& Research},
 publisher = {Sage Publications Sage CA: Los Angeles, CA},
 title = {Fairness in criminal justice risk assessments: The state of the art},
 volume = {50},
 issue = {1},
 pages = {3-44},
 year = {2018}
}

@article{chouldechova2017fair,
 author = {Chouldechova, Alexandra},
 date-added = {2020-02-27 21:43:58 +0400},
 date-modified = {2020-02-27 21:43:58 +0400},
 journal = {Big data},
 number = {2},
 pages = {153--163},
 publisher = {Mary Ann Liebert, Inc. 140 Huguenot Street, 3rd Floor New Rochelle, NY 10801 USA},
 title = {Fair prediction with disparate impact: A study of bias in recidivism prediction instruments},
 volume = {5},
 year = {2017}
}

@inproceedings{kleinberg17,
  author    = {Jon M. Kleinberg and
               Sendhil Mullainathan and
               Manish Raghavan},
  title     = {Inherent Trade-Offs in the Fair Determination of Risk Scores},
  booktitle = {{ITCS}},
  series    = {LIPIcs},
  volume    = {67},
  pages     = {43:1--43:23},
  publisher = {Schloss Dagstuhl - Leibniz-Zentrum f{\"{u}}r Informatik},
  year      = {2017}
}

@inproceedings{kim2018fairness,
  author    = {Michael P. Kim and
               Omer Reingold and
               Guy N. Rothblum},
  title     = {Fairness Through Computationally-Bounded Awareness},
  booktitle = {NeurIPS},
  pages     = {4847--4857},
  year      = {2018}
}

@incollection{massey2016segregation,
 author = {Massey, Douglas S},
 booktitle = {The Oxford Handbook of the Social Science of Poverty},
 pages = {369--393},
 publisher = {Oxford University Press},
 title = {Segregation and the Perpetuation of Disadvantage},
 year = {2016}
}

@misc{efischer,
 __markedentry = {[ruggieri:]},
 author = {Eric Fischer},
 url = {http://www.flickr.com/photos/walkingsf/sets/72157624812674967/detail/},
 note ={under Creative Commons licence, CC BY-SA 2.0},
 owner = {ruggieri},
 timestamp = {2015.09.15},
 title = {Distribution of race and ethnicity in {US} major cities},
 year = {2011}
}

@article{denton1988residential,
 author = {Denton, Nancy A and Massey, Douglas S},
 journal = {Social Science Quarterly},
 number = {4},
 pages = {797--817},
 publisher = {ERIC},
 title = {Residential segregation of {B}lacks, {H}ispanics, and {A}sians by socioeconomic status and generation},
 volume = {69},
 year = {1988}
}

@article{Schelling1971,
 author = {Schelling, Thomas C},
 journal = {Journal of Mathematical Sociology},
 number = {2},
 pages = {143--186},
 publisher = {Taylor \& Francis},
 title = {Dynamic models of segregation},
 volume = {1},
 year = {1971}
}

@article{Clark1991,
 author = {Clark, W. A. V.},
 journal = {Demography},
 number = {1},
 pages = {1--19},
 title = {Residential Preferences and Neighborhood Racial Segregation: A Test of the {S}chelling Segregation Model},
 volume = {28},
 year = {1991}
}

@article{Massey2009,
 author = {Massey, Douglas S. and Rothwell, Jonathan and Thurston Domina},
 journal = {Annals of the American Academy of Political and Social Science},
 owner = {ruggieri},
 pages = {74--90},
 timestamp = {2015.09.15},
 title = {The Changing Bases of Segregation in the {U}nited {S}tates},
 volume = {626},
 year = {2009}
}

@article{gentzkow2010ideological,
 author = {Gentzkow, Matthew and Shapiro, Jesse M},
 journal = { Quarterly Journal of Economics},
 number = {4},
 pages = {1799--1839},
 title = {Ideological segregation online and offline},
 volume = {126},
 year = {2011}
}

@article{flaxman2013ideological,
 author = {Flaxman, Seth and Goel, Sharad and Rao, Justin M},
 journal = {Public Opinion Quarterly},
 url = {http://ssrn.com/abstract=2363701},
 pages = {298-320},
 title = {Filter Bubbles, Echo Chambers, and Online News Consumption},
 volume = {80},
 year = {2016}
}

@misc{maes2015will,
 author = {Maes, Michael and Bischofberger, Lukas},
 url = {http://ssrn.com/abstract=2553436},
 title = {Will the Personalization of Online Social Networks Foster Opinion Polarization?},
 year = {2015}
}

@book{filterbubble,
 author = {E. Pariser},
 publisher = {Penguin UK},
 title = {The Filter Bubble: {W}hat the Internet is hiding from you},
 year = {2011}
}

@article{bakshy2015exposure,
 author = {Bakshy, Eytan and Messing, Solomon and Adamic, Lada A},
 journal = {Science},
 number = {6239},
 pages = {1130--1132},
 publisher = {American Association for the Advancement of Science},
 title = {Exposure to ideologically diverse news and opinion on {F}acebook},
 volume = {348},
 year = {2015}
}

@phdthesis{grevet2016being,
 author = {Grevet, Catherine},
 school = {Georgia Institute of Technology},
 title = {Being Nice on the Internet: Designing for the Coexistence of Diverse Opinions Online},
 year = {2016}
}

@inproceedings{DBLP:conf/icwsm/DasK13,
 author = {Sauvik Das and
Adam D. I. Kramer},
 booktitle = {{ICWSM}},
 publisher = {The {AAAI} Press},
 title = {Self-Censorship on Facebook},
 year = {2013}
}

@article{duncan1955methodological,
 author = {Duncan, Otis Dudley and Duncan, Beverly},
 journal = {American Sociological Review},
 number = {2},
 pages = {210--217},
 title = {A methodological analysis of segregation indexes},
 volume = {20},
 year = {1955}
}

@article{JamesTauber85,
 author = {James, D. R. and Tauber, K. E.},
 journal = {Sociological Methodology},
 pages = {1--32},
 title = {Measures of segregation},
 volume = {13},
 year = {1985}
}

@article{massey1988dimensions,
 author = {Massey, Douglas S and Denton, Nancy A},
 journal = {Social Forces},
 number = {2},
 pages = {281--315},
 publisher = {Oxford University Press},
 title = {The dimensions of residential segregation},
 volume = {67},
 year = {1988}
}

@article{DBLP:journals/jiis/BaroniR18,
 author = {Alessandro Baroni and
Salvatore Ruggieri},
 journal = {J. Intell. Inf. Syst.},
 number = {1},
 pages = {71--96},
 title = {Segregation discovery in a social network of companies},
 volume = {51},
 year = {2018}
}

@article{Mora2011,
 author = {Mora, R. and Ruiz-Castillo, J.},
 journal = {Sociological Methodology},
 pages = {159--194},
 publisher = {Wiley Online Library},
 title = {Entropy-based segregation indices},
 volume = {41},
 year = {2011}
}

@book{mitchell1997,
 author = {T. Mitchell},
 publisher = {The Mc-Graw-Hill Companies, Inc.},
 title = {Machine Learning},
 year = {1997}
}

@article{gastwirth1971general,
 author = {Gastwirth, Joseph L},
 journal = {Econometrica: Journal of the Econometric Society},
 number = {6},
 pages = {1037--1039},
 title = {A general definition of the {L}orenz curve},
 volume = {39},
 year = {1971}
}

@article{Xu2003,
 author = {XU, KUAN},
 journal = {China Economic Quarterly},
 title = {How Has the Literature on Gini's Index Evolved in the Past 80 Years},
 volume = {3},
 year = {2003}
}

@article{bell1954probability,
 author = {Bell, Wendell},
 journal = {Social Forces},
 number = {4},
 pages = {357--364},
 title = {A probability model for the measurement of ecological segregation},
 volume = {32},
 year = {1954}
}

@article{geosa2014,
 author = {Philippe Apparicio and Joan Carles Martori and Amber L. Pearson and \'Eric Fournier and Denis Apparicio},
 journal = {Social Science Computer Review},
 number = {1},
 pages = {117-128},
 title = {An Open-Source Software for Calculating Indices of Urban Residential Segregation},
 volume = {32},
 year = {2014}
}

@article{seg2014,
 author = {Seong-Yun Hong and David O'Sullivan and Yukio Sadahiro},
 journal = {PLoS ONE},
 number = {11},
 pages = {e113767},
 title = {Implementing Spatial Segregation Measures in {R}},
 volume = {9},
 year = {2014}
}

@inproceedings{DBLP:conf/edbt/0001R19,
 author = {Alessandro Baroni and
Salvatore Ruggieri},
 booktitle = {{EDBT}},
 pages = {542--545},
 publisher = {OpenProceedings.org},
 title = {SCube: {A} Tool for Segregation Discovery},
 year = {2019}
}

@article{DBLP:journals/epjds/HuZZ19,
 author = {Jiantao Hu and
Qian{-}Ming Zhang and
Tao Zhou},
 journal = {{EPJ} Data Sci.},
 number = {1},
 pages = {6:1--6:11},
 title = {Segregation in religion networks},
 volume = {8},
 year = {2019}
}

@article{DBLP:journals/socnet/BojanowskiC14,
 author = {Michal Bojanowski and
Rense Corten},
 journal = {Soc. Networks},
 pages = {14--32},
 title = {Measuring segregation in social networks},
 volume = {39},
 year = {2014}
}

@article{Koch2020,
 author = {Koch, Gertraud and Kinder-Kurlanda, Katharina},
 journal = {Historical Social Research},
 number = {3},
 pages = {270-287},
 title = {Source Criticism of Data Platform Logics on the Internet},
 volume = {45},
 year = {2020}
}

@article{DBLP:journals/fdata/Olteanu00K19,
 author = {Alexandra Olteanu and
Carlos Castillo and
Fernando Diaz and
Emre Kiciman},
 journal = {Frontiers Big Data},
 pages = {13},
 title = {Social Data: Biases, Methodological Pitfalls, and Ethical Boundaries},
 volume = {2},
 year = {2019}
}

@article{DBLP:journals/peerj-cs/SantamariaM18,
 author = {Luc{\'{i}}a Santamar{\'{i}}a and
Helena Mihaljevic},
 journal = {PeerJ Comput. Sci.},
 pages = {e156},
 title = {Comparison and benchmark of name-to-gender inference services},
 volume = {4},
 year = {2018}
}

@article{Wachter2019,
 author = {Wachter, Sandra and Mittelstadt, Brent},
 journal = {Columbia Business Law Review},
 number = {2},
 pages = {494--620},
 title = {A Right to Reasonable Inferences: Re-Thinking Data Protection Law in the Age of Big Data and {AI}},
 volume = {2019},
 year = {2019}
}

@article{DBLP:journals/taffco/VinciarelliM14,
 author = {Alessandro Vinciarelli and
Gelareh Mohammadi},
 journal = {{IEEE} Trans. Affect. Comput.},
 number = {3},
 pages = {273--291},
 title = {A Survey of Personality Computing},
 volume = {5},
 year = {2014}
}

@inproceedings{Grgic-HlacaZGW18,
  author    = {Nina Grgic{-}Hlaca and
               Muhammad Bilal Zafar and
               Krishna P. Gummadi and
               Adrian Weller},
  title     = {Beyond Distributive Fairness in Algorithmic Decision Making: Feature
               Selection for Procedurally Fair Learning},
  booktitle = {{AAAI}},
  pages     = {51--60},
  publisher = {{AAAI} Press},
  year      = {2018}
}

@inproceedings{zafar2017fairness,
  author    = {Muhammad Bilal Zafar and
               Isabel Valera and
               Manuel Gomez{-}Rodriguez and
               Krishna P. Gummadi},
  title     = {Fairness Beyond Disparate Treatment {\&} Disparate Impact: Learning
               Classification without Disparate Mistreatment},
  booktitle = {{WWW}},
  pages     = {1171--1180},
  publisher = {{ACM}},
  year      = {2017}
}

@inproceedings{kusner2017counterfactual,
  author    = {Matt J. Kusner and
               Joshua R. Loftus and
               Chris Russell and
               Ricardo Silva},
  title     = {Counterfactual Fairness},
  booktitle = {{NIPS}},
  pages     = {4066--4076},
  year      = {2017}
}

@book{pearl2009causality,
 author = {Pearl, Judea},
 date-added = {2020-06-18 17:07:22 +0400},
 date-modified = {2020-06-18 17:07:22 +0400},
 publisher = {Cambridge university press},
 title = {Causality},
 year = {2009}
}

@article{pessach2022review,
 author = {Pessach, Dana and Shmueli, Erez},
 journal = {ACM Computing Surveys (CSUR)},
 number = {3},
 pages = {1--44},
 publisher = {ACM New York, NY},
 title = {A Review on Fairness in Machine Learning},
 volume = {55},
 year = {2022}
}

@article{DBLP:journals/corr/abs-1807-00553,
  author    = {Roel Dobbe and
               Sarah Dean and
               Thomas Krendl Gilbert and
               Nitin Kohli},
  title     = {A Broader View on Bias in Automated Decision-Making: Reflecting on
               Epistemology and Dynamics},
  journal   = {CoRR},
  volume    = {abs/1807.00553},
  year      = {2018},
  eprinttype = {arXiv},
  eprint    = {1807.00553},
  timestamp = {Fri, 23 Jul 2021 16:36:07 +0200},
  biburl    = {https://dblp.org/rec/journals/corr/abs-1807-00553.bib},
  bibsource = {dblp computer science bibliography, https://dblp.org}
}

@article{jaxon2019acquisition,
  title={The acquisition of gender stereotypes about intellectual ability: Intersections with race},
  author={Jaxon, Jilana and Lei, Ryan F and Shachnai, Reut and Chestnut, Eleanor K and Cimpian, Andrei},
  journal={Journal of Social Issues},
  volume={75},
  number={4},
  pages={1192--1215},
  year={2019},
  publisher={Wiley Online Library}
}

@article{moskowitz2012implicit,
  title={Implicit stereotyping and medical decisions: unconscious stereotype activation in practitioners' thoughts about African Americans},
  author={Moskowitz, Gordon B and Stone, Jeff and Childs, Amanda},
  journal={American J. of Public Health},
  volume={102},
  number={5},
  pages={996--1001},
  year={2012},
  publisher={American Public Health Association}
}

@article{ellemers2018:gs,
author = {Ellemers, Naomi},
title = {Gender Stereotypes},
journal = {Annual Review of Psychology},
volume = {69},
number = {1},
pages = {275-298},
year = {2018},
}

@article{bobbitt2011:gd,
  title={Gender discrimination at work: Connecting gender stereotypes, institutional policies, and gender composition of workplace},
  author={Bobbitt-Zeher, Donna},
  journal={Gender \& Society},
  volume={25},
  number={6},
  pages={764--786},
  year={2011},
  publisher={Sage}
}

@misc{undp2023breaking,
    title = {Breaking Down Gender Biases: Shifting social norms towards gender equality},
    year = {2023},
    author ={United Nations Development Programme},
    url = {https://hdr.undp.org/system/files/documents/hdp-document/gsni202302pdf.pdf},
}

@article{eagly2019:gs,
  title={Gender stereotypes have changed: A cross-temporal meta-analysis of {US} public opinion polls from 1946 to 2018.},
  author={Eagly, Alice H and Nater, Christa and Miller, David I and Kaufmann, Mich{\`e}le and Sczesny, Sabine},
  journal={American Psychologist},
  volume={75},
  number={3},
  pages={301--315},
  year={2019},
  publisher={American Psychological Association},
}

@article{heilman2012gender,
  title={Gender stereotypes and workplace bias},
  author={Heilman, Madeline E},
  journal={Research in organizational Behavior},
  volume={32},
  pages={113--135},
  year={2012},
  publisher={Elsevier}
}

@inproceedings{deshpande2020mitigating,
  author       = {Ketki V. Deshpande and
                  Shimei Pan and
                  James R. Foulds},
  title        = {Mitigating Demographic Bias in {AI}-based Resume Filtering},
  booktitle    = {{UMAP} (Adjunct Publication)},
  pages        = {268--275},
  publisher    = {{ACM}},
  year         = {2020}
}

@inproceedings{dearteaga2019bias,
  author       = {Maria De{-}Arteaga and
                  Alexey Romanov and
                  Hanna M. Wallach and
                  Jennifer T. Chayes and
                  Christian Borgs and
                  Alexandra Chouldechova and
                  Sahin Cem Geyik and
                  Krishnaram Kenthapadi and
                  Adam Tauman Kalai},
  title        = {Bias in Bios: {A} Case Study of Semantic Representation Bias in a
                  High-Stakes Setting},
  booktitle    = {{FAT}},
  pages        = {120--128},
  publisher    = {{ACM}},
  year         = {2019}
}

@TechReport{fuller2021hidden,
  author      = {Joseph Fuller and Manjari Raman and Eva Sage-Gavin and Kristen Hines},
  title       = {Hidden Workers: Untapped Talent},
  institution = {Harvard Business School},
  year        = {2021},
  }

@article{bloksgaard2011masculinities,
  title={Masculinities, femininities and work--the horizontal gender segregation in the Danish Labour market},
  author={Bloksgaard, Lotte},
  journal={Nordic J. of Working Life Studies},
  volume={1},
  number={2},
  pages={5--21},
  year={2011}
}

@article{tesfai2020dimensions,
  title={Dimensions of inequality: Black immigrants’ occupational segregation in the {U}nited {S}tates},
  author={Tesfai, Rebbeca and Thomas, Kevin JA},
  journal={Sociology of Race and Ethnicity},
  volume={6},
  number={1},
  pages={1--21},
  year={2020},
  publisher={SAGE Publications Sage CA: Los Angeles, CA}
}

@article{riach2002field,
  title={Field experiments of discrimination in the market place},
  author={Riach, Peter A and Rich, Judith},
  journal={The Economic Journal},
  volume={112},
  number={483},
  pages={F480--F518},
  year={2002},
  publisher={Oxford University Press Oxford, UK}
}

@book{rich2014field,
  title={What do field experiments of discrimination in markets tell us? {A} meta analysis of studies conducted since 2000},
  author={Rich, Judith},
  year={2014},
  publisher={IZA Discussion paper}
}

@article{cotter2001glass,
  title={The glass ceiling effect},
  author={Cotter, David A and Hermsen, Joan M and Ovadia, Seth and Vanneman, Reeve},
  journal={Social forces},
  volume={80},
  number={2},
  pages={655--681},
  year={2001},
  publisher={Oxford University Press}
}

@book{eige2020gender,
    author={{European Institute for Gender Equality}},
    year = {2020},
    title = {Gender Equality Index 2020},
    subtitle = {Key findings for the EU},
    url = {https://eige.europa.eu/publications/gender-equality-index-2020-key-findings-eu},
}

@article{davidson2016gender,
  title={Gender inequality: Nonbinary transgender people in the workplace},
  author={Davidson, Skylar},
  journal={Cogent Social Sciences},
  volume={2},
  number={1},
  pages={1236511},
  year={2016},
  publisher={Taylor \& Francis}
}

@techreport{hegde2022race,
  title={Race, Glass Ceilings, and Lower Pay for Equal Work},
  author={Hegde, Deepak and Ljungqvist, Alexander and Raj, Manav},
  institution={Swedish House of Finance}, 
  number={21-09},
  year={2022}
}

@inproceedings{rus2022closing,
  author       = {Clara Rus and
                  Jeffrey Luppes and
                  Harrie Oosterhuis and
                  Gido H. Schoenmacker},
  title        = {Closing the Gender Wage Gap: Adversarial Fairness in Job Recommendation},
  booktitle    = {HR@RecSys},
  series       = {{CEUR} Workshop Proceedings},
  volume       = {3218},
  publisher    = {CEUR-WS.org},
  year         = {2022}
}

@article{bedeian1992age,
  title={Age, tenure, and job satisfaction: A tale of two perspectives},
  author={Bedeian, Arthur G and Ferris, Gerald R and Kacmar, K Michele},
  journal={J. of Vocational Behavior},
  volume={40},
  number={1},
  pages={33--48},
  year={1992},
  publisher={Elsevier}
}

@article{shields2002racial,
  title={Racial harassment, job satisfaction and intentions to quit: {E}vidence from the British nursing profession},
  author={Shields, Michael A and Price, Stephen Wheatley},
  journal={Economica},
  volume={69},
  number={274},
  pages={295--326},
  year={2002},
  publisher={Wiley Online Library}
}

@article{schneider1997job,
  title={Job-related and psychological effects of sexual harassment in the workplace: {E}mpirical evidence from two organizations.},
  author={Schneider, Kimberly T and Swan, Suzanne and Fitzgerald, Louise F},
  journal={J. of Applied Psychology},
  volume={82},
  number={3},
  pages={401},
  year={1997},
  publisher={American Psychological Association}
}

@article{gray2019career,
  title={Career goals, salary expectations, and salary negotiation among male and female general surgery residents},
  author={Gray, Kelsey and Neville, Angela and Kaji, Amy H and Wolfe, Mary and Calhoun, Kristine and Amersi, Farin and Donahue, Timothy and Arnell, Tracy and Jarman, Benjamin and Inaba, Kenji and others},
  journal={JAMA Surgery},
  volume={154},
  number={11},
  pages={1023--1029},
  year={2019},
  publisher={American Medical Association}
}

@article{leibbrandt2015women,
  title={Do women avoid salary negotiations? {E}vidence from a large-scale natural field experiment},
  author={Leibbrandt, Andreas and List, John A},
  journal={Management Science},
  volume={61},
  number={9},
  pages={2016--2024},
  year={2015},
  publisher={INFORMS}
}

@article{hernandez2019review,
  title={A review of gender differences in negotiation},
  author={Hernandez-Arenaz, I{\~n}igo and Iriberri, Nagore},
  journal={Oxford Research Encyclopedia of Economics and Finance},
  year={2019}
}

@article{scholz2020taken,
  title={Taken for granted: ableist norms embedded in the design of online recruitment practices},
  author={Scholz, Frederike},
  journal={The Palgrave Handbook of Disability at Work},
  pages={451--469},
  year={2020},
  publisher={Springer}
}

@article{ruggieri2024,
  author       = {Jose M. Alvarez and Alejandra Bringas Colmenarejo and Alaa Elobaid and Simone Fabbrizzi and Miriam Fahimi and Antonio Ferrara and Siamak Ghodsi and Carlos Mougan and Ioanna Papageorgiou and Paula Reyero and Mayra Russo and Kristen M. Scott and Laura State and Xuan Zhao and Salvatore Ruggieri},
  title        = {Policy advice and best practices on bias and fairness in {AI}},
  journal      = {Ethics Inf. Technol.},
  volume       = {26},
  number       = {2},
  pages        = {31},
  year         = {2024}
}

@article{tilmes2022disability,
  author       = {Nicholas Tilmes},
  title        = {Disability, fairness, and algorithmic bias in {AI} recruitment},
  journal      = {Ethics Inf. Technol.},
  volume       = {24},
  number       = {2},
  pages        = {21},
  year         = {2022}
}

@TechReport{orcaa2020description,
    title = {Description of Algorithmic Audit: Pre-built Assessments},
    year = {2020},
    author ={ORCAA},
    url = {https://techinquiry.org/HireVue-ORCAA.pdf},
}

@inproceedings{blodgett2016demographic,
  author       = {Su Lin Blodgett and
                  Lisa Green and
                  Brendan T. O'Connor},
  title        = {Demographic Dialectal Variation in Social Media: {A} Case Study of
                  African-American English},
  booktitle    = {{EMNLP}},
  pages        = {1119--1130},
  publisher    = {The Association for Computational Linguistics},
  year         = {2016}
}

@inproceedings{buolamwini2018gender,
  author       = {Joy Buolamwini and
                  Timnit Gebru},
  title        = {Gender Shades: Intersectional Accuracy Disparities in Commercial Gender
                  Classification},
  booktitle    = {{FAT}},
  series       = {Proceedings of Machine Learning Research},
  volume       = {81},
  pages        = {77--91},
  publisher    = {{PMLR}},
  year         = {2018}
}

@article{suresh2019framework,
  author    = {Harini Suresh and
               John V. Guttag},
  title     = {A Framework for Understanding Unintended Consequences of Machine Learning},
  journal   = {CoRR},
  volume    = {abs/1901.10002},
  year      = {2019}
}

@inproceedings{dixon2018measuring,
  author    = {Lucas Dixon and
               John Li and
               Jeffrey Sorensen and
               Nithum Thain and
               Lucy Vasserman},
  title     = {Measuring and Mitigating Unintended Bias in Text Classification},
  booktitle = {{AIES}},
  pages     = {67--73},
  publisher = {{ACM}},
  year      = {2018}
}

@inproceedings{bolukbasi2016man,
  author       = {Tolga Bolukbasi and
                  Kai{-}Wei Chang and
                  James Y. Zou and
                  Venkatesh Saligrama and
                  Adam Tauman Kalai},
  title        = {Man is to Computer Programmer as Woman is to Homemaker? Debiasing
                  Word Embeddings},
  booktitle    = {{NIPS}},
  pages        = {4349--4357},
  year         = {2016}
}

@article{nissim-etal-2020-fair,
  author       = {Malvina Nissim and
                  Rik van Noord and
                  Rob van der Goot},
  title        = {Fair Is Better than Sensational: Man Is to Doctor as Woman Is to Doctor},
  journal      = {Comput. Linguistics},
  volume       = {46},
  number       = {2},
  pages        = {487--497},
  year         = {2020}
}

@inproceedings{DBLP:conf/naacl/ZhaoWYOC18,
  author    = {Jieyu Zhao and
               Tianlu Wang and
               Mark Yatskar and
               Vicente Ordonez and
               Kai{-}Wei Chang},
  title     = {Gender Bias in Coreference Resolution: Evaluation and Debiasing Methods},
  booktitle = {{NAACL-HLT} {(2)}},
  pages     = {15--20},
  publisher = {Association for Computational Linguistics},
  year      = {2018}
}

@article{savoldi-etal-2021-gender,
  author       = {Beatrice Savoldi and
                  Marco Gaido and
                  Luisa Bentivogli and
                  Matteo Negri and
                  Marco Turchi},
  title        = {Gender Bias in Machine Translation},
  journal      = {Trans. Assoc. Comput. Linguistics},
  volume       = {9},
  pages        = {845--874},
  year         = {2021}
}

@inproceedings{sap-etal-2019-risk,
  author       = {Maarten Sap and
                  Dallas Card and
                  Saadia Gabriel and
                  Yejin Choi and
                  Noah A. Smith},
  title        = {The Risk of Racial Bias in Hate Speech Detection},
  booktitle    = {{ACL} {(1)}},
  pages        = {1668--1678},
  publisher    = {Association for Computational Linguistics},
  year         = {2019}
}

@inproceedings{DBLP:conf/aies/AbidF021,
  author    = {Abubakar Abid and
               Maheen Farooqi and
               James Zou},
  title     = {Persistent Anti-Muslim Bias in Large Language Models},
  booktitle = {{AIES}},
  pages     = {298--306},
  publisher = {{ACM}},
  year      = {2021}
}

@article{DBLP:journals/jdiq/NavigliCR23,
  author       = {Roberto Navigli and
                  Simone Conia and
                  Bj{\"{o}}rn Ross},
  title        = {Biases in Large Language Models: Origins, Inventory, and Discussion},
  journal      = {{ACM} J. Data Inf. Qual.},
  volume       = {15},
  number       = {2},
  pages        = {10:1--10:21},
  year         = {2023},
  url          = {https://doi.org/10.1145/3597307},
  doi          = {10.1145/3597307},
  timestamp    = {Sun, 06 Aug 2023 20:51:03 +0200},
  biburl       = {https://dblp.org/rec/journals/jdiq/NavigliCR23.bib},
  bibsource    = {dblp computer science bibliography, https://dblp.org}
}

@inproceedings{DBLP:conf/nips/HardtPNS16,
  author    = {Moritz Hardt and
               Eric Price and
               Nati Srebro},
  title     = {Equality of Opportunity in Supervised Learning},
  booktitle = {{NIPS}},
  pages     = {3315--3323},
  year      = {2016}
}

@inproceedings{DBLP:conf/innovations/DworkHPRZ12,
  author       = {Cynthia Dwork and
                  Moritz Hardt and
                  Toniann Pitassi and
                  Omer Reingold and
                  Richard S. Zemel},
  title        = {Fairness through awareness},
  booktitle    = {{ITCS}},
  pages        = {214--226},
  publisher    = {{ACM}},
  year         = {2012}
}

@inproceedings{DBLP:conf/innovations/KleinbergMR17,
  author       = {Jon M. Kleinberg and
                  Sendhil Mullainathan and
                  Manish Raghavan},
  title        = {Inherent Trade-Offs in the Fair Determination of Risk Scores},
  booktitle    = {{ITCS}},
  series       = {LIPIcs},
  volume       = {67},
  pages        = {43:1--43:23},
  publisher    = {Schloss Dagstuhl - Leibniz-Zentrum f{\"{u}}r Informatik},
  year         = {2017}
}

@inproceedings{DBLP:conf/acl/BlodgettBDW20,
  author       = {Su Lin Blodgett and
                  Solon Barocas and
                  Hal Daum{\'{e}} III and
                  Hanna M. Wallach},
  title        = {Language (Technology) is Power: {A} Critical Survey of ``Bias" in {NLP}},
  booktitle    = {{ACL}},
  pages        = {5454--5476},
  publisher    = {Association for Computational Linguistics},
  year         = {2020}
}

@inproceedings{nozza-etal-2022-pipelines,
    title = "Pipelines for Social Bias Testing of Large Language Models",
    author = "Nozza, Debora  and
      Bianchi, Federico  and
      Hovy, Dirk",
    booktitle = "Workshop on Challenges {\&} Perspectives in Creating Large Language Models",
    year = "2022",
    address = "virtual+Dublin",
    publisher = "ACL"
}

@article{DBLP:journals/corr/Gallegos23,
  author       = {Isabel O. Gallegos and
                  Ryan A. Rossi and
                  Joe Barrow and
                  Md. Mehrab Tanjim and
                  Sungchul Kim and
                  Franck Dernoncourt and
                  Tong Yu and
                  Ruiyi Zhang and
                  Nesreen K. Ahmed},
  title        = {Bias and Fairness in Large Language Models: {A} Survey},
  journal      = {CoRR},
  volume       = {abs/2309.00770},
  year         = {2023},
  url          = {https://doi.org/10.48550/arXiv.2309.00770},
  doi          = {10.48550/ARXIV.2309.00770},
  eprinttype    = {arXiv},
  eprint       = {2309.00770},
  timestamp    = {Mon, 11 Sep 2023 16:01:35 +0200},
  biburl       = {https://dblp.org/rec/journals/corr/abs-2309-00770.bib},
  bibsource    = {dblp computer science bibliography, https://dblp.org},
}

@article{crenshaw1990mapping,
	author = {Crenshaw, Kimberle},
	date-added = {2020-03-30 17:32:24 +0400},
	date-modified = {2020-03-30 17:32:24 +0400},
	journal = {Stan. L. Rev.},
	pages = {1241},
	publisher = {HeinOnline},
	title = {Mapping the margins: Intersectionality, identity politics, and violence against women of color},
	volume = {43},
	year = {1990}
}

@Misc{genderShadesProject,
author = {Joy Buolamwini and Timnit Gebru and Helen Raynham and Deborah Raji and Ethan Zuckerman},
title = {{Gender Shades Project}},
year = 2018,
howpublished = {\url{https://www.media.mit.edu/projects/gender-shades}},
institution = {MIT Media Lab}, 
}

@phdthesis{buolamwini2017gender,
 author = {Buolamwini, Joy Adowaa},
 school = {Massachusetts Institute of Technology},
 title = {Gender shades: {I}ntersectional phenotypic and demographic evaluation of face datasets and gender classifiers},
 year = {2017}
}

@inproceedings{buolamwini2018gender,
  author       = {Joy Buolamwini and
                  Timnit Gebru},
  title        = {Gender Shades: Intersectional Accuracy Disparities in Commercial Gender
                  Classification},
  booktitle    = {{FAT}},
  series       = {Proceedings of Machine Learning Research},
  volume       = {81},
  pages        = {77--91},
  publisher    = {{PMLR}},
  year         = {2018}
}

@Misc{microsoftFace,
author = {Microsoft},
title = {{Face API}},
howpublished = {\url{https://learn.microsoft.com/en-us/azure/ai-services/computer-vision/identity-api-reference}},
institution = {Microsoft Inc}, 
}

@Misc{IBMVisual,
author = {IBM},
title = {{Watson Visual Recognition}},
howpublished = {\url{https://mediacenter.ibm.com/media/IBM+Watson+Visual+Recognition/0_jbsmp6lq}},
institution = {IBM}, 
}

@Misc{FacePlusPlus,
author = {Face++},
title = {{AI Open Platform}},
howpublished = {\url{https://www.faceplusplus.com/face-detection/}},
institution = {Face++}, 
}

@article{interactionVanderweele,
  title={A tutorial on interaction},
  author={VanderWeele, Tyler J and Knol, Mirjam J},
  journal={Epidemiologic Methods},
  volume={3},
  number={1},
  pages={33--72},
  year={2014},
  publisher={De Gruyter}
}

@article{wachter2019right,
	Author = {Wachter, Sandra and Mittelstadt, Brent},
	Date-Added = {2020-03-30 18:47:26 +0400},
	Date-Modified = {2020-03-30 18:47:26 +0400},
	Journal = {Colum. Bus. L. Rev.},
	Pages = {494},
	Publisher = {HeinOnline},
	Title = {A right to reasonable inferences: re-thinking data protection law in the age of big data and AI},
	Year = {2019}
}

@inproceedings{wang2022towards,
  author       = {Angelina Wang and
                  Vikram V. Ramaswamy and
                  Olga Russakovsky},
  title        = {Towards Intersectionality in Machine Learning: Including More Identities,
                  Handling Underrepresentation, and Performing Evaluation},
  booktitle    = {FAccT},
  pages        = {336--349},
  publisher    = {{ACM}},
  year         = {2022}
}

@inproceedings{guo2021detecting,
  author       = {Wei Guo and
                  Aylin Caliskan},
  title        = {Detecting Emergent Intersectional Biases: Contextualized Word Embeddings
                  Contain a Distribution of Human-like Biases},
  booktitle    = {{AIES}},
  pages        = {122--133},
  publisher    = {{ACM}},
  year         = {2021}
}

@inproceedings{kearns2018preventing,
  author    = {Michael J. Kearns and
               Seth Neel and
               Aaron Roth and
               Zhiwei Steven Wu},
  title     = {Preventing Fairness Gerrymandering: Auditing and Learning for Subgroup
               Fairness},
  booktitle = {{ICML}},
  series    = {Proceedings of Machine Learning Research},
  volume    = {80},
  pages     = {2569--2577},
  publisher = {{PMLR}},
  year      = {2018}
}

@inproceedings{yang2020fairness,
  author       = {Forest Yang and
                  Mouhamadou Cisse and
                  Oluwasanmi Koyejo},
  title        = {Fairness with Overlapping Groups; a Probabilistic Perspective},
  booktitle    = {NeurIPS},
  year         = {2020}
}

@inproceedings{foulds2020intersectional,
  author       = {James R. Foulds and
                  Rashidul Islam and
                  Kamrun Naher Keya and
                  Shimei Pan},
  title        = {An Intersectional Definition of Fairness},
  booktitle    = {{ICDE}},
  pages        = {1918--1921},
  publisher    = {{IEEE}},
  year         = {2020}
}

@inproceedings{ghosh2021characterizing,
  author       = {Avijit Ghosh and
                  Lea Genuit and
                  Mary Reagan},
  title        = {Characterizing Intersectional Group Fairness with Worst-Case Comparisons},
  booktitle    = {{AIDBEI}},
  series       = {Proceedings of Machine Learning Research},
  volume       = {142},
  pages        = {22--34},
  publisher    = {{PMLR}},
  year         = {2021}
}
