@inproceedings{federatedMonreale,
  year={2021},
  booktitle={18th International Conference on Privacy, Security and Trust (PST)},
  doi={10.1109/PST52912.2021.9647753},
  title={A new approach for cross-silo federated learning and its privacy risks},
  author={Michele Fontana and Francesca Naretto and Anna Monreale}
}


@article{federated,
  author={J. Kone\v{c}n\'y and H.B. McMahan and D. Ramage and P. Richt\'arik},
  title={Federated optimization: Distributed machine learning for on-device intelligence},
  journal={CoRR},
  year={2016}
}


@inproceedings{federatedLiu,
  author={L. Liu and J. Zhang and S. Song and K.B. Letaief},
  title={Client-edge-cloud hierarchical federated learning},
  booktitle={IEEE International Conference on Communications},
  year={2020}
}

@inproceedings{ldiversity,
  author={Ashwin Machanavajjhala and Johannes Gehrke and Daniel Kife and Muthuramakrishnan Venkitasubramaniam},
  title={l-diversity: Privacy beyond k-anonymity},
  booktitle={22nd International Conference on Data Engineering},
  year={2006}
}

@inproceedings{tcloseness,
  author={Ninghui Li and Tiancheng Li and Suresh Venkatasubramanian},
  title={t-closeness: Privacy beyond k-anonymity and l-diversity},
  booktitle={23rd International Conference on Data Engineering},
  year={2007}
}

@inproceedings{agrawalrandom2,
  author={Dakshi Agrawal and Charu C. Aggarwal},
  title={On the design and quantification of privacy preserving data mining algorithms},
  booktitle={20th ACM SIGACT-SIGMOD-SIGART Symposium on Principles of Database Systems}, 
  year={2001}
}

@inproceedings{agrawalrandom1,
  author={Rakesh Agrawal and Ramakrishnan Srikant},
  title={Privacy-preserving data mining},
  booktitle={ SIGMOD Conferences}, 
  year={2000}
}

@inproceedings{zhan,
  author={Justin Z. Zhan and Stan Matwin, and LiWu Chang},
  title={Privacy-preserving collaborative association rule mining},
  booktitle={DBSec},
  year={2005}
}

@inproceedings{zhang,
  author={Peng Zhang and Yunhai Tong and Shiwei Tang and Dongqing Yang},
  title={Privacy preserving naive bayes classification},
  booktitle={ADMA},
  year={2005}
}

@inproceedings{Evfimievski,
  author={Alexandre V. Evfimievski and Ramakrishnan Srikant and Rakesh Agrawal and Johannes Gehrke},
  title={Privacy preserving mining of association rules},
  booktitle={8th ACM SIGKDD International Conference on Knowledge Discovery and Data Mining},
  year={2002}
}

@inproceedings{Rizvi,
  author={Shariq J Rizvi and Jayant R Haritsa},
  title={Maintaining data privacy in association rule mining},
  booktitle={28th international conference on Very Large Data Bases},
  year={2002}
}

@article{Lindenstrauss,
  author={J. Lindenstrauss and W. Johnson},
  title={Extensions of lipshitz mapping into hilbert space},
  journal={Contemporary Math.},
  year={1984}
}

@inproceedings{kargupta,
  author={Hillol Kargupta and Souptik Datta and Qi Wang and Krishnamoorthy Sivakumar},
  title={On the privacy preserving properties of random data perturbation techniques},
  booktitle={3rd IEEE International Conference on Data Mining},
  year={2003}
}

@article{Meiser2018ApproximateAP,
  title={Approximate and Probabilistic Differential Privacy Definitions},
  author={Sebastian Meiser},
  journal={IACR Cryptol. ePrint Arch.},
  year={2018},
  volume={2018},
  pages={277}
}

@article{Near2021DifferentialPF,
  title={Differential Privacy for Databases},
  author={Joseph P. Near and Xi He},
  journal={Foundations and Trends in Databases},
  year={2021},
  volume={11},
  pages={109-225}
}

@article{Lin2014TowardsAS,
  title={Towards a Systematic Analysis of Privacy Definitions},
  author={Bing-Rong Lin and Daniel Kifer},
  journal={J. Priv. Confidentiality},
  year={2014},
  volume={5}
}

@article{Dwork2014TheAF,
  title={The Algorithmic Foundations of Differential Privacy},
  author={Cynthia Dwork and Aaron Roth},
  journal={Found. Trends Theor. Comput. Sci.},
  year={2014},
  volume={9},
  pages={211-407}
}

@inproceedings{Dwork2006CalibratingNT,
  title={Calibrating Noise to Sensitivity in Private Data Analysis},
  author={Cynthia Dwork and Frank McSherry and Kobbi Nissim and Adam D. Smith},
  booktitle={TCC},
  year={2006}
}

@inproceedings{Dwork2006DifferentialP,
  title={Differential Privacy},
  author={Cynthia Dwork},
  booktitle={ICALP},
  year={2006}
}

@article{Desfontaines2020SoKDP,
  title={SoK: Differential privacies},
  author={Damien Desfontaines and Bal{\'a}zs Pej{\'o}},
  journal={Proceedings on Privacy Enhancing Technologies},
  year={2020},
  volume={2020},
  pages={288 - 313}
}

@inproceedings{Dwork2006OurDO,
  title={Our Data, Ourselves: Privacy Via Distributed Noise Generation},
  author={Cynthia Dwork and Krishnaram Kenthapadi and Frank McSherry and Ilya Mironov and Moni Naor},
  booktitle={EUROCRYPT},
  year={2006}
}

@article{McSherry2007MechanismDV,
  title={Mechanism Design via Differential Privacy},
  author={Frank McSherry and Kunal Talwar},
  journal={48th Annual IEEE Symposium on Foundations of Computer Science (FOCS'07)},
  year={2007},
  pages={94-103}
}

@article{Warner1965RandomizedRA,
  title={Randomized response: a survey technique for eliminating evasive answer bias.},
  author={Stanley L. Warner},
  journal={Journal of the American Statistical Association},
  year={1965},
  volume={60 309},
  pages={63-6}
}

@article{DBLP:journals/pvldb/CormodeMM21,
  author    = {Graham Cormode and
               Samuel Maddock and
               Carsten Maple},
  title     = {Frequency Estimation under Local Differential Privacy},
  journal   = {Proc. {VLDB} Endow.},
  volume    = {14},
  number    = {11},
  pages     = {2046--2058},
  year      = {2021}
}

@article{CastellucciaCMT09,
  author    = {Castelluccia, C. and Chan, A. C.{-}F. and Mykletun, E. and Tsudik, G.},
  title     = {{Efficient and Provably Secure Aggregation of Encrypted Data in Wireless Sensor Networks}},
  journal   = {ACM Transactions on Sensor Networks (TOSN)},
  volume    = {5},
  number    = {3},
  pages     = {20:1--20:36},
  year      = {2009}
}

@article{ToNP16,
  author    = {To, Q.{-}C. and Nguyen, B. and Pucheral, P.},
  title     = {{Private and Scalable Execution of SQL Aggregates on a Secure Decentralized Architecture}},
  journal   = {ACM Transactions on Database Systems (TODS)},
  volume    = {41},
  number    = {3},
  pages     = {16:1--16:43},
  year      = {2016},
}
@inproceedings{MirvalBP21,
  author    = {Mirval, J. and Bouganim, L. and {Sandu Popa}, I.},
  title     = {{Practical Fully-Decentralized Secure Aggregation for Personal Data Management Systems}},
  booktitle = {International Conference on Scientific and Statistical Database Management (SSDBM)},
  pages     = {259--264},
  year      = {2021}
}
@inproceedings{CGLY18,
author    = {Ciucanu, R. and Giraud, M. and Lafourcade, P. and Ye, L.},
title     = {{Secure Grouping and Aggregation with MapReduce}},
booktitle = {International Joint Conference on e-Business and Telecommunications (ICETE) -- Volume 2: International Conference on Security and Cryptography (SECRYPT)},
pages     = {514--521},
year      = {2018}
}

@misc{scikit-mobility,
	author={Luca Pappalardo and Filippo Simini and Gianni Barlacchi and Roberto Pellungrini},
	title={Scikit-mobility: a python library for the analysis, generation and risk assessment of mobility data}, 
	year={2019},
	note={https://arxiv.org/abs/1907.07062}
}

@article{prudence,
	author={Francesca Pratesi and Anna Monreale and Roberto Trasarti and Fosca Giannotti and Dino Pedreschi and Tadashi Yanagihara},
 	title={{PRUDE}nce: a system for assessing privacy risk vs utility in data sharing ecosystems}, 
	journal={Transaction Data Privacy}, 
	volume={11},
	number={2},
	pages={139–167}, 
	year={2018}
}

@misc{BarthJones2012,
  title={The 'Re-Identification' of Governor William Weld's Medical Information: A Critical Re-Examination of Health Data Identification Risks and Privacy Protections, Then and Now},
  author={Daniel C. Barth-Jones},
  doi={http://dx.doi.org/10.2139/ssrn.2076397},
  year={2012}
}

@article{SweeneyGov,
author = {Latanya Sweeney},
title ={Weaving Technology and Policy Together to Maintain Confidentiality},
journal = {The Journal of Law, Medicine \& Ethics},
volume = {25},
number = {2-3},
pages = {98-110},
year = {1997},
doi = {10.1111/j.1748-720X.1997.tb01885.x},
    note ={PMID: 11066504},
URL = { 
        https://doi.org/10.1111/j.1748-720X.1997.tb01885.x},
eprint = { 
        https://doi.org/10.1111/j.1748-720X.1997.tb01885.x}
}

@article{kanon,
author = {Sweeney, Latanya},
title = {K-Anonymity: A Model for Protecting Privacy},
year = {2002},
issue_date = {October 2002},
publisher = {World Scientific Publishing Co., Inc.},
address = {USA},
volume = {10},
number = {5},
issn = {0218-4885},
url = {https://doi.org/10.1142/S0218488502001648},
doi = {10.1142/S0218488502001648},
journal = {Int. J. Uncertain. Fuzziness Knowl.-Based Syst.},
month = {oct},
pages = {557–570},
numpages = {14},
keywords = {data fusion, data privacy, re-identification, privacy, data anonymity}
}

@misc{SHA2,
	author = {{Information Technology Laboratory, National Institute of Standards and Technology}},
	title = {Secure Hash Standard ({SHS})}, 
        url={https://nvlpubs.nist.gov/nistpubs/FIPS/NIST.FIPS.180-4.pdf},
  urldate = {2022-05-02}
}

@misc{SHA3,
	author = {{Information Technology Laboratory, National Institute of Standards and Technology}},
	title = {{SHA}-3 Standard: Permutation-Based Hash and Extendable-Output Functions}, url={https://nvlpubs.nist.gov/nistpubs/FIPS/NIST.FIPS.202.pdf},
  urldate = {2022-05-02}
}

@misc{Hmac,
	author = {{Information Technology Laboratory, National Institute of Standards and Technology}},
	title = {The Keyed-Hash Message Authentication Code (HMAC)}, url={https://nvlpubs.nist.gov/nistpubs/FIPS/NIST.FIPS.198-1.pdf},
  urldate = {2022-05-02}
}


@book{cripto,
author = {Alfred J. Menezes and Scott A. Vanstone and Paul C. van Oorschot},
title = {Handbook of Applied Cryptography},
year = {1996},
publisher = {CRC Press},
url = {https://cacr.uwaterloo.ca/hac/},
  urldate = {2022-05-02}
}

@misc{tokens,
	author = {{Data Protection Working Party}},
	title = {Opinion 05/2014 on {A}nonymisation {T}echniques}, url={https://ec.europa.eu/justice/article-29/documentation/opinion-recommendation/files/2014/wp216\_en.pdf},
  urldate = {2022-05-02}
}

@misc{sweeney2000,
 	author={Latanya Sweeney},
	title={Uniqueness of Simple Demographics in the {U.S.} Population},
	year={2000},
	note={{LIDAP-WP4}}
} 
