@misc{gdpr,
 author={European Parliament \& Council},
 year={2016},
 title={General Data Protection Regulation},
 note="L119, 4/5/2016, p. 1â€“88"
}

@article{Wynsberghe,
author={van Wynsberghe, Aimee},
title={Sustainable {AI}: {AI} for sustainability and the sustainability of {AI}}, 
journal={AI and Ethics},
volume={1},
number={3},
year={2021},
pages={213-218}
}

@misc{ONU_goals,
author={United Nations, Department of Economic and Social Affair},
title={Sustainable Development},
url={https://sdgs.un.org/goals},
urldate = {2022-05-02}
}

@article{curry2021,
author={Edward Curry and Bill Guyon and Charles Sheridan and Brian Donnellan},
title={Developing a sustainable IT capability: Lessons from {I}ntel's journey},
journal={{MIS} Quarterly Executive},
volume={11},
number={2},
year={2012},
pages={61-74}
}

@misc{vangeer2011,
author={ VanGeet, Otto, and W. Lintner, and B. Tschudi},
title={{FEMP} best practises guide for energy-efficient data centre design},
note={National Renewable Energy Laboratory},
year={2011}
}

@article{hazarika2020artificial,
  title={Artificial intelligence: opportunities and implications for the health workforce},
  author={Hazarika, Indrajit},
  journal={International health},
  volume={12},
  number={4},
  pages={241--245},
  year={2020},
  publisher={Oxford University Press}
}

@article{pereira2023systematic,
  title={A systematic literature review on the impact of artificial intelligence on workplace outcomes: A multi-process perspective},
  author={Pereira, Vijay and Hadjielias, Elias and Christofi, Michael and Vrontis, Demetris},
  journal={Human Resource Management Review},
  volume={33},
  number={1},
  pages={100857},
  year={2023},
  publisher={Elsevier}
}

@article{petropoulos2018impact,
  title={The impact of artificial intelligence on employment},
  author={Petropoulos, Georgios},
  journal={Praise for Work in the Digital Age},
  volume={119},
  pages={121},
  year={2018},
  publisher={Bruegel}
}

@article{kim2023anthropomorphic,
  title={Anthropomorphic response: Understanding interactions between humans and artificial intelligence agents},
  author={Kim, Joohee and Im, Il},
  journal={Computers in Human Behavior},
  volume={139},
  pages={107512},
  year={2023},
  publisher={Elsevier}
}

@article{nemitz2018constitutional,
  title={Constitutional democracy and technology in the age of artificial intelligence},
  author={Nemitz, Paul},
  journal={Philosophical Transactions of the Royal Society A: Mathematical, Physical and Engineering Sciences},
  volume={376},
  number={2133},
  pages={20180089},
  year={2018},
  publisher={The Royal Society Publishing}
}

@article{goldstein2024persuasive,
  title={How persuasive is AI-generated propaganda?},
  author={Goldstein, Josh A and Chao, Jason and Grossman, Shelby and Stamos, Alex and Tomz, Michael},
  journal={PNAS nexus},
  volume={3},
  number={2},
  pages={pgae034},
  year={2024},
  publisher={Oxford University Press US}
}

@article{liao2023differentiating,
  title={Differentiating ChatGPT-Generated and Human-Written Medical Texts: Quantitative Study},
  author={Liao, Wenxiong and Liu, Zhengliang and Dai, Haixing and Xu, Shaochen and Wu, Zihao and Zhang, Yiyang and Huang, Xiaoke and Zhu, Dajiang and Cai, Hongmin and Li, Quanzheng and others},
  journal={JMIR Medical Education},
  volume={9},
  number={1},
  pages={e48904},
  year={2023},
  publisher={JMIR Publications Inc., Toronto, Canada}
}

@article{herbold2023large,
  title={A large-scale comparison of human-written versus ChatGPT-generated essays},
  author={Herbold, Steffen and Hautli-Janisz, Annette and Heuer, Ute and Kikteva, Zlata and Trautsch, Alexander},
  journal={Scientific Reports},
  volume={13},
  number={1},
  pages={18617},
  year={2023},
  publisher={Nature Publishing Group UK London}
}
@article{denecke2021artificial,
  title={Artificial intelligence for chatbots in mental health: opportunities and challenges},
  author={Denecke, Kerstin and Abd-Alrazaq, Alaa and Househ, Mowafa},
  journal={Multiple perspectives on artificial intelligence in healthcare: Opportunities and challenges},
  pages={115--128},
  year={2021},
  publisher={Springer}
}

@article{makridakis2017forthcoming,
  title={The forthcoming Artificial Intelligence (AI) revolution: Its impact on society and firms},
  author={Makridakis, Spyros},
  journal={Futures},
  volume={90},
  pages={46--60},
  year={2017},
  publisher={Elsevier}
}

@article{TheBrusselsTimes, 
    author = {Walker, Lauren},
    year={2023},
    title = {Belgian man dies by suicide following exchanges with chatbot},
    journal={Brussel Times},
    url={https://www.brusselstimes.com/430098/belgian-man-commits-suicide-following-exchanges-with-chatgpt},  
    language={en} 
}

@article{whittaker2021recommender,
  title={Recommender systems and the amplification of extremist content},
  author={Whittaker, Joe and Looney, Se{\'a}n and Reed, Alastair and Votta, Fabio and others},
  year={2021},
  publisher={Alexander von Humboldt Institute for Internet and Society},
  journal={Internet Policy Review}
}
