---
---


@misc{doshi_rigorous,
 author={Doshi-Velez, F. and Kim, B.},
 title={Towards a rigorous science of interpretable machine learning},
 year={2017},
 note={arXiv preprint arXiv:1702.08608}
}


@misc{adadi,
 author={A. Adadi and M. Berrada},
 title={Peeking inside the black-box: A survey on explainable artificial intelligence (xai)},
 note={IEEE Access, 6:52138–52160},
 year={2018}
}



@article{martens,
 author={Martens, David and Baesens, Bart and Van Gestel, Tony and Vanthienen, Jan},
 title={Comprehensible credit scoring models using rule extraction from support vector machines},
 journal={European journal of operational research}, 
 volume={183},
 number={(3)},
 pages={1466–-1476}, 
 year={2007}
}

@book{kumar,
 author={Tan, Pang-Ning and Steinbach, Michael and Kumar, Vipin},
 title={Introduction to data mining},
 year={2006},
 publisher={Pearson Addison-Wesley}
}

@misc{gdpr,
 author={European Parliament \& Council},
 year={2016},
 title={General Data Protection Regulation},
 note="L119, 4/5/2016, p. 1–88"
}



@inproceedings{holdgraf_evidence_2014,
	address = {Brisbane, Australia, Australia},
	title = {Evidence for {Predictive} {Coding} in {Human} {Auditory} {Cortex}},
	booktitle = {International {Conference} on {Cognitive} {Neuroscience}},
	publisher = {Frontiers in Neuroscience},
	author = {Holdgraf, Christopher Ramsay and de Heer, Wendy and Pasley, Brian N. and Knight, Robert T.},
	year = {2014}
}

@article{holdgraf_rapid_2016,
	title = {Rapid tuning shifts in human auditory cortex enhance speech intelligibility},
	volume = {7},
	issn = {2041-1723},
	url = {http://www.nature.com/doifinder/10.1038/ncomms13654},
	doi = {10.1038/ncomms13654},
	number = {May},
	journal = {Nature Communications},
	author = {Holdgraf, Christopher Ramsay and de Heer, Wendy and Pasley, Brian N. and Rieger, Jochem W. and Crone, Nathan and Lin, Jack J. and Knight, Robert T. and Theunissen, Frédéric E.},
	year = {2016},
	pages = {13654}
}

@inproceedings{holdgraf_portable_2017,
	title = {Portable learning environments for hands-on computational instruction using container-and cloud-based technology to teach data science},
	volume = {Part F1287},
	isbn = {978-1-4503-5272-7},
	doi = {10.1145/3093338.3093370},
	booktitle = {{ACM} {International} {Conference} {Proceeding} {Series}},
	author = {Holdgraf, Christopher Ramsay and Culich, A. and Rokem, A. and Deniz, F. and Alegro, M. and Ushizima, D.},
	year = {2017},
	keywords = {Teaching, Bootcamps, Cloud computing, Data science, Docker, Pedagogy}
}

@article{holdgraf_encoding_2017,
	title = {Encoding and decoding models in cognitive electrophysiology},
	volume = {11},
	issn = {16625137},
	doi = {10.3389/fnsys.2017.00061},
	journal = {Frontiers in Systems Neuroscience},
	author = {Holdgraf, Christopher Ramsay and Rieger, J.W. and Micheli, C. and Martin, S. and Knight, R.T. and Theunissen, F.E.},
	year = {2017},
	keywords = {Decoding models, Encoding models, Electrocorticography (ECoG), Electrophysiology/evoked potentials, Machine learning applied to neuroscience, Natural stimuli, Predictive modeling, Tutorials}
}

@book{ruby,
  title     = {The Ruby Programming Language},
  author    = {Flanagan, David and Matsumoto, Yukihiro},
  year      = {2008},
  publisher = {O'Reilly Media}
}

@book{Handbook_mobile_data_privacy,
  editor    = {Aris Gkoulalas{-}Divanis and Claudio Bettini},
  title     = {Handbook of Mobile Data Privacy},
  publisher = {Springer},
  year      = {2018},
  url       = {https://doi.org/10.1007/978-3-319-98161-1},
  doi       = {10.1007/978-3-319-98161-1},
  isbn      = {978-3-319-98160-4},
  timestamp = {Mon, 05 Nov 2018 18:27:18 +0100},
  biburl    = {https://dblp.org/rec/reference/sp/2018mdp.bib},
  bibsource = {dblp computer science bibliography, https://dblp.org}
}

@book{EncyclopediaML,
  editor    = {Claude Sammut and Geoffrey I. Webb},
  title     = {Encyclopedia of Machine Learning and Data Mining},
  publisher = {Springer},
  year      = {2017},
  url       = {https://doi.org/10.1007/978-1-4899-7687-1},
  doi       = {10.1007/978-1-4899-7687-1},
  isbn      = {978-1-4899-7685-7},
  timestamp = {Tue, 16 May 2017 14:01:57 +0200},
  biburl    = {https://dblp.org/rec/reference/ml/2017.bib},
  bibsource = {dblp computer science bibliography, https://dblp.org}
}

@book{ElgarEncyclopedia,
	editor = {Giovanni Comandé},
	title = {Elgar Encyclopedia of Law and Data Science},
	publisher = {Edward Elgar Publishing},
	year = {2022},
 	url = {https://www.e-elgar.com/shop/gbp/elgar-encyclopedia-of-law-and-data-science-9781839104589.html},
	isbn = {978-1.83910-458-9}
}

@book{encyclopediaAI,
	title = {Encyclopedia of {A}rtificial {I}ntelligence (3 Volumes)},
	editor = {Juan Ramón Rabuñal Dopico and Julian Dorado and Alejandro Pazos},
	publisher = {IGI Global}, 
	year = {2008},
	doi = {10.4018/978-1-59904-849-9},
	isbn = {9781599048499}
}


@misc{HLEG,
 author = {High-Level Expert Group on Artificial Intelligence},
 title = {Ethics {G}uidelines for {T}rustworthy {AI}},
 url = {https://digital-strategy.ec.europa.eu/en/library/ethics-guidelines-trustworthy-ai},
 urldate = {2024-04-23}
}

@misc{LAIP,
    author = {International Research Center for AI Ethics and Governance, Institute of Automatio,n Chinese Academy of Sciences},
    title = {Linking Artificial Intelligence Principles (LAIP)},
    url={https://www.linking-ai-principles.org/term/174},
    urldate = {2024-04-23}
}

@misc{AIACT,
    title = {{Artificial Intelligence Act, European Parliament legislative 	resolution of 13 March 2024 on the proposal for a regulation of the 	European Parliament and of the Council on laying down harmonised 	rules on Artificial Intelligence (Artificial Intelligence Act) and 	amending certain Union Legislative Acts (COM(2021)0206 – 	C9-0146/2021 – 2021/0106(COD)), P9_TA(2024)0138}},
    year = {2024},
    url = {https://www.europarl.europa.eu/doceo/document/TA-9-2024-0138_EN.pdf},
    urldate = {2024-04-23}
}

@article{Floridi,
    author={Luciano Floridi},
    title={Soft Ethics and the Governance of the Digital},
    journal={Philosophy and Technology},
    number={31}, 
    page={1–8},
    year={2018},
    doi={https://doi.org/10.1007/s13347-018-0303-9}
}

@misc{EU_first_law,
    title = {{EU AI Act: first regulation on artificial intelligence}},
    year = {2024},
    url = {https://www.europarl.europa.eu/topics/en/article/20230601STO93804/eu-ai-act-first-regulation-on-artificial-intelligence},
    urldate = {2024-04-23}
}

@misc{LetterPrivacyHub,
  title =          "{Urgent appeal to approve a solid Fundamental Rights Impact Assessment in the EU Artificial Intelligence Act}",
  url = {https://brusselsprivacyhub.com/2023/09/12/brussels-privacy-hub-and-other-academic-institutions-ask-to-approve-a-fundamental-rights-impact-assessment-in-the-eu-artificial-intelligence-act/},
  urldate = {2024-04-23},
  year =        {2023}
}


@misc{LetterCivilForum,
  title =       "{The AI Act Must Protect the Rule of Law}",
  url={https://dq4n3btxmr8c9.cloudfront.net/files/iytbh9/AI_and_RoL_Open_Letter_final_27092023.pdf},
  urldate = {2024-04-23},
  year =        {2023}
}

@misc{pyramid,
    title = {{Shaping Europe’s digital future}},
    year = {2024},
    url = {https://digital-strategy.ec.europa.eu/en/policies/regulatory-framework-ai},
    urldate = {2024-04-23}
}

@inproceedings{van2020allocation,
  title={Allocation of moral decision-making in human-agent teams: a pattern approach},
  author={van der Waa, Jasper and van Diggelen, Jurriaan and Cavalcante Siebert, Luciano and Neerincx, Mark and Jonker, Catholijn},
  booktitle={Engineering Psychology and Cognitive Ergonomics. Cognition and Design: 17th International Conference, EPCE 2020, Held as Part of the 22nd HCI International Conference, HCII 2020, Copenhagen, Denmark, July 19--24, 2020, Proceedings, Part II 22},
  pages={203--220},
  year={2020},
  organization={Springer}
}


@article{laitinen2021ai,
  title={AI systems and respect for human autonomy},
  author={Laitinen, Arto and Sahlgren, Otto},
  journal={Frontiers in artificial intelligence},
  volume={4},
  pages={151},
  year={2021},
  publisher={Frontiers}
}

@article{cornelissen2022reflection,
  title={Reflection machines: increasing meaningful human control over Decision Support Systems},
  author={Cornelissen, NAJ and van Eerdt, RJM and Schraffenberger, HK and Haselager, Willem FG},
  journal={Ethics and Information Technology},
  volume={24},
  number={2},
  pages={19},
  year={2022},
  publisher={Springer}
}

@article{alfrink2022contestable,
  title={Contestable AI by design: Towards a framework},
  author={Alfrink, Kars and Keller, Ianus and Kortuem, Gerd and Doorn, Neelke},
  journal={Minds and Machines},
  pages={1--27},
  year={2022},
  publisher={Springer}
}

@article{cavalcante2023meaningful,
  title={Meaningful human control: actionable properties for AI system development},
  author={Cavalcante Siebert, Luciano and Lupetti, Maria Luce and Aizenberg, Evgeni and Beckers, Niek and Zgonnikov, Arkady and Veluwenkamp, Herman and Abbink, David and Giaccardi, Elisa and Houben, Geert-Jan and Jonker, Catholijn M and others},
  journal={AI and Ethics},
  volume={3},
  number={1},
  pages={241--255},
  year={2023},
  publisher={Springer}
}


@article{aizenberg2020designing,
  title={Designing for human rights in AI},
  author={Aizenberg, Evgeni and Van Den Hoven, Jeroen},
  journal={Big Data \& Society},
  volume={7},
  number={2},
  pages={2053951720949566},
  year={2020},
  publisher={SAGE Publications Sage UK: London, England}
}

@misc{holistic,
    author = {Holistic AI},
    title = {Key Issues: Human Oversight},
    url={https://www.euaiact.com/key-issue/4},
    year ={2024},
    note = {Last Accessed: 2024-05-20}
}

@article{van2012problem,
  title={The problem of many hands: Climate change as an example},
  author={Van de Poel, Ibo and Nihl{\'e}n Fahlquist, Jessica and Doorn, Neelke and Zwart, Sjoerd and Royakkers, Lamb{\`e}r},
  journal={Science and engineering ethics},
  volume={18},
  pages={49--67},
  year={2012},
  publisher={Springer}
}

@article{nissenbaum1996accountability,
  title={Accountability in a computerized society},
  author={Nissenbaum, Helen},
  journal={Science and engineering ethics},
  volume={2},
  pages={25--42},
  year={1996},
  publisher={Springer}
}

@misc{friedman1990moral,
  title={Moral Responsibility and Computer Technology.},
  author={Friedman, Batya},
  year={1990},
  publisher={ERIC}
}

@article{thompson1980moral,
  title={Moral responsibility of public officials: The problem of many hands},
  author={Thompson, Dennis F},
  journal={American Political Science Review},
  volume={74},
  number={4},
  pages={905--916},
  year={1980},
  publisher={Cambridge University Press}
}

@incollection{nissenbaum2020computing,
  title={Computing and accountability},
  author={Nissenbaum, Helen},
  booktitle={The Ethics of Information Technologies},
  pages={351--358},
  year={2020},
  publisher={Routledge}
}

@incollection{van2011relation,
  title={The relation between forward-looking and backward-looking responsibility},
  author={Van de Poel, Ibo},
  booktitle={Moral responsibility: Beyond free will and determinism},
  pages={37--52},
  year={2011},
  publisher={Springer}
}
















@incollection{vincentStructuredTaxonomyResponsibility2011,
  title = {A {{Structured}} Taxonomy of Responsibility Concepts},
  booktitle = {Moral Responsibility},
  author = {Vincent, Nicole A.},
  editor = {Vincent, Nicole A. and {van de Poel}, Ibo and {van den Hoven}, Jeroen},
  year = {2011},
  series = {Library of Ethics and Applied Philosophy},
  pages = {15--35},
  publisher = {Springer, Springer Nature},
  address = {United States},
  doi = {10.1007/978-94-007-1878-4_2},
  isbn = {978-94-007-1877-7}
}

@article{chocklerResponsibilityBlameStructuralModel2004,
  title = {Responsibility and {{Blame}}: {{A Structural-Model Approach}}},
  shorttitle = {Responsibility and {{Blame}}},
  author = {Chockler, Hana and Halpern, Joseph Y.},
  year = {2004},
  month = oct,
  journal = {jair},
  volume = {22},
  pages = {93--115},
  issn = {1076-9757},
  doi = {10.1613/jair.1391},
  urldate = {2022-04-14}
}

@article{englTheoryCausalResponsibility2018,
  title = {A {{Theory}} of {{Causal Responsibility Attribution}}},
  author = {Engl, Florian},
  year = {2018},
  journal = {SSRN Journal},
  issn = {1556-5068},
  doi = {10.2139/ssrn.2932769},
  urldate = {2022-04-28}
}

@article{brahamAnatomyMoralResponsibility2012,
  title = {An {{Anatomy}} of {{Moral Responsibility}}},
  author = {Braham, M. and Van Hees, M.},
  year = {2012},
  month = jul,
  journal = {Mind},
  volume = {121},
  number = {483},
  pages = {601--634},
  issn = {0026-4423, 1460-2113},
  doi = {10.1093/mind/fzs081},
  urldate = {2023-07-30}
}

@book{vandepoelEthicsTechnologyEngineering2011,
  title = {Ethics, Technology, and Engineering : An Introduction},
  author = {{van de Poel}, Ibo R. and Royakkers, Lamb{\`e}r M.M.},
  year = {2011},
  publisher = {Wiley-Blackwell},
  address = {United States},
  isbn = {978-1-4443-3095-3}
}

@book{hartPunishmentResponsibility2008,
  title = {Punishment and {{Responsibility}}},
  author = {Hart, H.L.A. and Gardner, John},
  year = {2008},
  month = mar,
  publisher = {Oxford University Press},
  doi = {10.1093/acprof:oso/9780199534777.001.0001},
  urldate = {2024-05-17},
  isbn = {978-0-19-953477-7}
}

@book{hartCausationLaw1985,
  title = {Causation in the {{Law}}},
  author = {Hart, H. L. A. and Honor{\'e}, Tony},
  year = {1985},
  month = may,
  publisher = {Oxford University Press},
  doi = {10.1093/acprof:oso/9780198254744.001.0001},
  urldate = {2024-05-17},
  isbn = {978-0-19-825474-4}
}

@article{duijfLogicalStudyMoral2023,
  title = {A {{Logical Study}} of {{Moral Responsibility}}},
  author = {Duijf, Hein},
  year = {2023},
  month = sep,
  journal = {Erkenn},
  issn = {0165-0106, 1572-8420},
  doi = {10.1007/s10670-023-00730-2},
  urldate = {2024-05-17}
}

@misc{triantafyllouActualCausalityResponsibility2022,
  title = {Actual {{Causality}} and {{Responsibility Attribution}} in {{Decentralized Partially Observable Markov Decision Processes}}},
  author = {Triantafyllou, Stelios and Singla, Adish and Radanovic, Goran},
  year = {2022},
  month = aug,
  number = {arXiv:2204.00302},
  eprint = {2204.00302},
  primaryclass = {cs},
  publisher = {arXiv},
  urldate = {2023-05-03},
  archiveprefix = {arxiv}
}

@article{loriniLogicalAnalysisResponsibility2014,
  title = {A Logical Analysis of Responsibility Attribution: Emotions, Individuals and Collectives},
  shorttitle = {A Logical Analysis of Responsibility Attribution},
  author = {Lorini, E. and Longin, D. and Mayor, E.},
  year = {2014},
  month = dec,
  journal = {Journal of Logic and Computation},
  volume = {24},
  number = {6},
  pages = {1313--1339},
  issn = {0955-792X, 1465-363X},
  doi = {10.1093/logcom/ext072},
  urldate = {2024-05-17}
}

@misc{george2023measuring,
  title = {Feasible {{Action-Space Reduction}} as a {{Metric}} of {{Causal Responsibility}} in {{Multi-Agent Spatial Interactions}}},
  author = {George, Ashwin and Siebert, Luciano Cavalcante and Abbink, David and Zgonnikov, Arkady},
  year = {2023 (ECAI 2023 Accepted)},
  eprint = {2305.15003},
  primaryclass = {cs.MA},
  publisher = {ECAI 2023 Accepted},
  archiveprefix = {arxiv}
}

@incollection{yazdanpanahDistantGroupResponsibility2016,
  title = {Distant {{Group Responsibility}} in {{Multi-agent Systems}}},
  booktitle = {{{PRIMA}} 2016: {{Princiles}} and {{Practice}} of {{Multi-Agent Systems}}},
  author = {Yazdanpanah, Vahid and Dastani, Mehdi},
  editor = {Baldoni, Matteo and Chopra, Amit K. and Son, Tran Cao and Hirayama, Katsutoshi and Torroni, Paolo},
  year = {2016},
  volume = {9862},
  pages = {261--278},
  publisher = {Springer International Publishing},
  address = {Cham},
  doi = {10.1007/978-3-319-44832-9_16},
  urldate = {2022-03-16},
  isbn = {978-3-319-44831-2 978-3-319-44832-9}
}

@inproceedings{yazdanpanahApplyingStrategicReasoning2021,
  title = {Applying Strategic Reasoning for Accountability Ascription in Multiagent Teams},
  booktitle = {Proceedings of the Workshop on Artificial Intelligence Safety 2021 Co-Located with the Thirtieth International Joint Conference on Artificial Intelligence ({{IJCAI}} 2021), Virtual, August, 2021},
  author = {Yazdanpanah, Vahid and Stein, Sebastian and Gerding, Enrico H. and Jennings, Nicholas R.},
  editor = {Espinoza, Hu{\'a}scar and McDermid, John A. and Huang, Xiaowei and {Castillo-Effen}, Mauricio and Chen, Xin Cynthia and {Hern{\'a}ndez-Orallo}, Jos{\'e} and {h{\'E}igeartaigh}, Se{\'a}n {\'O} and Mallah, Richard and Pedroza, Gabriel},
  year = {2021},
  series = {{{CEUR}} Workshop Proceedings},
  volume = {2916},
  publisher = {CEUR-WS.org},
  bibsource = {dblp computer science bibliography, https://dblp.org},
  biburl = {https://dblp.org/rec/conf/ijcai/Yazdanpanah0GJ21.bib},
  timestamp = {Fri, 10 Mar 2023 16:23:32 +0100},
  file = {C:\Users\ageorge1\surfdrive\Surf_Git\Emergence_and_Responsibility\Obsidian Vault\Library\Documents\Yazdanpanah et al_Applying Strategic Reasoning for Accountability Ascription.pdf}
}

@book{dignumResponsibleArtificialIntelligence2019,
  title = {Responsible {{Artificial Intelligence}}: {{How}} to {{Develop}} and {{Use AI}} in a {{Responsible Way}}},
  shorttitle = {Responsible {{Artificial Intelligence}}},
  author = {Dignum, Virginia},
  year = {2019},
  series = {Artificial {{Intelligence}}: {{Foundations}}, {{Theory}}, and {{Algorithms}}},
  publisher = {Springer International Publishing},
  address = {Cham},
  doi = {10.1007/978-3-030-30371-6},
  urldate = {2024-05-17},
  copyright = {http://www.springer.com/tdm},
  isbn = {978-3-030-30370-9 978-3-030-30371-6}
}

@article{santonidesioMeaningfulHumanControl2018,
  title = {Meaningful {{Human Control}} over {{Autonomous Systems}}: {{A Philosophical Account}}},
  shorttitle = {Meaningful {{Human Control}} over {{Autonomous Systems}}},
  author = {{Santoni de Sio}, Filippo and {van den Hoven}, Jeroen},
  year = {2018},
  month = feb,
  journal = {Front. Robot. AI},
  volume = {5},
  pages = {15},
  issn = {2296-9144},
  doi = {10.3389/frobt.2018.00015},
  urldate = {2022-03-03}
}

@article{flemischDynamicBalanceHumans2012,
  title = {Towards a Dynamic Balance between Humans and Automation: Authority, Ability, Responsibility and Control in Shared and Cooperative Control Situations},
  shorttitle = {Towards a Dynamic Balance between Humans and Automation},
  author = {Flemisch, Frank and Heesen, Matthias and Hesse, Tobias and Kelsch, Johann and Schieben, Anna and Beller, Johannes},
  year = {2012},
  month = mar,
  journal = {Cogn Tech Work},
  volume = {14},
  number = {1},
  pages = {3--18},
  issn = {1435-5558, 1435-5566},
  doi = {10.1007/s10111-011-0191-6},
  urldate = {2022-04-21}
}

@article{dastaniResponsibilityAISystems2023,
  title = {Responsibility of {{AI Systems}}},
  author = {Dastani, Mehdi and Yazdanpanah, Vahid},
  year = {2023},
  month = apr,
  journal = {AI \& Soc},
  volume = {38},
  number = {2},
  pages = {843--852},
  issn = {0951-5666, 1435-5655},
  doi = {10.1007/s00146-022-01481-4},
  urldate = {2023-07-31}
}




