@article{Wynsberghe,
author={van Wynsberghe, Aimee},
title={Sustainable {AI}: {AI} for sustainability and the sustainability of {AI}}, 
journal={AI and Ethics},
volume={1},
number={3},
year={2021},
pages={213-218}
}

@misc{ONU_goals,
author={United Nations, Department of Economic and Social Affair},
title={Sustainable Development},
url={https://sdgs.un.org/goals},
urldate = {2022-05-02}
}

@article{curry2021,
author={Edward Curry and Bill Guyon and Charles Sheridan and Brian Donnellan},
title={Developing a sustainable IT capability: Lessons from {I}ntel's journey},
journal={{MIS} Quarterly Executive},
volume={11},
number={2},
year={2012},
pages={61-74}
}

@misc{vangeer2011,
author={ VanGeet, Otto, and W. Lintner, and B. Tschudi},
title={{FEMP} best practises guide for energy-efficient data centre design},
note={National Renewable Energy Laboratory},
year={2011}
}
